<?xml version="1.0" encoding="UTF-8"?>
<!DOCTYPE html PUBLIC "-//W3C//DTD XHTML 1.0 Transitional//EN"
    "http://www.w3.org/TR/xhtml1/DTD/xhtml1-transitional.dtd">
<html xmlns="http://www.w3.org/1999/xhtml" xml:lang="en" lang="en">
 <head>
  <title>
</title>
<meta http-equiv="Content-Type" content="text/html;charset=utf-8" />
  <meta name='ocr-system' content='tesseract 3.04.00' />
  <meta name='ocr-capabilities' content='ocr_page ocr_carea ocr_par ocr_line ocrx_word'/>
</head>
<body>
  <div class='ocr_page' id='page_1' title='image "./realisphilosoph01baymgoog_0309.png"; bbox 0 0 3186 4982; ppageno 0'>
   <div class='ocr_carea' id='block_1_1' title="bbox 279 380 1388 464">
    <p class='ocr_par' dir='ltr' id='par_1_1' title="bbox 279 380 1388 464">
     <span class='ocr_line' id='line_1_1' title="bbox 279 380 1388 464; baseline -0.005 -18"><span class='ocrx_word' id='word_1_1' title='bbox 279 383 346 446; x_wconf 83' lang='lat'>294</span> <span class='ocrx_word' id='word_1_2' title='bbox 653 403 760 446; x_wconf 80' lang='lat' dir='ltr'>sunan</span> <span class='ocrx_word' id='word_1_3' title='bbox 777 401 1013 447; x_wconf 78' lang='lat' dir='ltr'>osronoemus.</span> <span class='ocrx_word' id='word_1_4' title='bbox 1239 380 1329 464; x_wconf 79' lang='lat' dir='ltr'>[oar.</span> <span class='ocrx_word' id='word_1_5' title='bbox 1346 397 1388 440; x_wconf 89' lang='lat'>11.</span> 
     </span>
    </p>
   </div>
   <div class='ocr_carea' id='block_1_2' title="bbox 278 558 1390 3312">
    <p class='ocr_par' dir='ltr' id='par_1_2' title="bbox 280 558 1390 980">
     <span class='ocr_line' id='line_1_2' title="bbox 280 558 1388 634; baseline -0.003 -20"><span class='ocrx_word' id='word_1_6' title='bbox 280 559 346 614; x_wconf 86' lang='lat' dir='ltr'>dens</span> <span class='ocrx_word' id='word_1_7' title='bbox 358 558 508 632; x_wconf 79' lang='lat' dir='ltr'>compositi</span> <span class='ocrx_word' id='word_1_8' title='bbox 545 559 608 630; x_wconf 83' lang='lat' dir='ltr'>Sed,</span> <span class='ocrx_word' id='word_1_9' title='bbox 618 561 684 634; x_wconf 87' lang='lat' dir='ltr'>quia</span> <span class='ocrx_word' id='word_1_10' title='bbox 694 577 750 617; x_wconf 89' lang='lat' dir='ltr'>non</span> <span class='ocrx_word' id='word_1_11' title='bbox 761 566 804 617; x_wconf 87' lang='lat' dir='ltr'>est</span> <span class='ocrx_word' id='word_1_12' title='bbox 814 579 922 618; x_wconf 78' lang='lat' dir='ltr'>necasse</span> <span class='ocrx_word' id='word_1_13' title='bbox 930 562 966 617; x_wconf 86' lang='lat' dir='ltr'>ad</span> <span class='ocrx_word' id='word_1_14' title='bbox 977 558 1187 618; x_wconf 82' lang='lat' dir='ltr'>rationemtalis</span> <span class='ocrx_word' id='word_1_15' title='bbox 1197 564 1302 614; x_wconf 78' lang='lat' dir='ltr'>natura</span> <span class='ocrx_word' id='word_1_16' title='bbox 1311 573 1388 612; x_wconf 89' lang='lat' dir='ltr'>oom-</span> 
     </span>
     <span class='ocr_line' id='line_1_3' title="bbox 280 643 1390 721; baseline -0.004 -21"><span class='ocrx_word' id='word_1_17' title='bbox 280 644 386 717; x_wconf 85' lang='lat' dir='ltr'>positae,</span> <span class='ocrx_word' id='word_1_18' title='bbox 398 664 424 700; x_wconf 89' lang='lat' dir='ltr'>v.</span> <span class='ocrx_word' id='word_1_19' title='bbox 435 661 473 718; x_wconf 76' lang='lat' dir='ltr'>gr.</span> <span class='ocrx_word' id='word_1_20' title='bbox 486 661 572 718; x_wconf 82' lang='lat' dir='ltr'>equae,</span> <span class='ocrx_word' id='word_1_21' title='bbox 585 651 618 701; x_wconf 92' lang='lat' dir='ltr'>ut</span> <span class='ocrx_word' id='word_1_22' title='bbox 629 647 687 702; x_wconf 89' lang='lat' dir='ltr'>eius</span> <span class='ocrx_word' id='word_1_23' title='bbox 698 647 859 721; x_wconf 71' lang='lat' dir='ltr'>compontio</span> <span class='ocrx_word' id='word_1_24' title='bbox 874 652 983 703; x_wconf 85' lang='lat' dir='ltr'>maneat</span> <span class='ocrx_word' id='word_1_25' title='bbox 993 647 1023 702; x_wconf 91' lang='lat' dir='ltr'>in</span> <span class='ocrx_word' id='word_1_26' title='bbox 1035 644 1205 715; x_wconf 78' lang='lat' dir='ltr'>indivisibili,</span> <span class='ocrx_word' id='word_1_27' title='bbox 1217 645 1279 700; x_wconf 90' lang='lat' dir='ltr'>ideo</span> <span class='ocrx_word' id='word_1_28' title='bbox 1292 643 1390 699; x_wconf 84' lang='lat' dir='ltr'>eadem</span> 
     </span>
     <span class='ocr_line' id='line_1_4' title="bbox 280 731 1390 806; baseline -0.005 -19"><span class='ocrx_word' id='word_1_29' title='bbox 280 731 449 805; x_wconf 70' lang='lat' dir='ltr'>compositio,</span> <span class='ocrx_word' id='word_1_30' title='bbox 457 737 538 805; x_wconf 84' lang='lat' dir='ltr'>prout</span> <span class='ocrx_word' id='word_1_31' title='bbox 549 737 591 788; x_wconf 87' lang='lat' dir='ltr'>est</span> <span class='ocrx_word' id='word_1_32' title='bbox 603 751 710 788; x_wconf 70' lang='lat' dir='ltr'>memoro</span> <span class='ocrx_word' id='word_1_33' title='bbox 721 735 776 788; x_wconf 81' lang='lat' dir='ltr'>loec</span> <span class='ocrx_word' id='word_1_34' title='bbox 783 738 825 790; x_wconf 91' lang='lat' dir='ltr'>est</span> <span class='ocrx_word' id='word_1_35' title='bbox 833 739 937 790; x_wconf 74' lang='lat' dir='ltr'>ustura)</span> <span class='ocrx_word' id='word_1_36' title='bbox 947 733 1079 806; x_wconf 72' lang='lat' dir='ltr'>specificas</span> <span class='ocrx_word' id='word_1_37' title='bbox 1089 731 1278 800; x_wconf 81' lang='lat' dir='ltr'>accidentalis3</span> <span class='ocrx_word' id='word_1_38' title='bbox 1296 732 1390 802; x_wconf 89' lang='lat' dir='ltr'>potest</span> 
     </span>
     <span class='ocr_line' id='line_1_5' title="bbox 281 819 1388 894; baseline -0.005 -20"><span class='ocrx_word' id='word_1_39' title='bbox 281 819 354 874; x_wconf 88' lang='lat' dir='ltr'>enim</span> <span class='ocrx_word' id='word_1_40' title='bbox 370 819 429 874; x_wconf 87' lang='lat' dir='ltr'>fieri</span> <span class='ocrx_word' id='word_1_41' title='bbox 444 837 552 874; x_wconf 69' lang='lat' dir='ltr'>summo</span> <span class='ocrx_word' id='word_1_42' title='bbox 565 819 626 891; x_wconf 76' lang='lat' dir='ltr'>alia,</span> <span class='ocrx_word' id='word_1_43' title='bbox 639 821 705 876; x_wconf 88' lang='lat' dir='ltr'>dum</span> <span class='ocrx_word' id='word_1_44' title='bbox 715 837 785 894; x_wconf 84' lang='lat' dir='ltr'>aqua</span> <span class='ocrx_word' id='word_1_45' title='bbox 796 821 829 875; x_wconf 88' lang='lat' dir='ltr'>lit</span> <span class='ocrx_word' id='word_1_46' title='bbox 840 820 960 888; x_wconf 83' lang='lat' dir='ltr'>calidior,</span> <span class='ocrx_word' id='word_1_47' title='bbox 972 819 1039 892; x_wconf 92' lang='lat' dir='ltr'>quin</span> <span class='ocrx_word' id='word_1_48' title='bbox 1050 819 1172 876; x_wconf 82' lang='lat' dir='ltr'>solvatur</span> <span class='ocrx_word' id='word_1_49' title='bbox 1187 823 1284 872; x_wconf 78' lang='lat' dir='ltr'>natans</span> <span class='ocrx_word' id='word_1_50' title='bbox 1300 832 1388 888; x_wconf 70' lang='lat' dir='ltr'>aqum.</span> 
     </span>
     <span class='ocr_line' id='line_1_6' title="bbox 281 905 985 980; baseline 0.004 -22"><span class='ocrx_word' id='word_1_51' title='bbox 281 905 319 959; x_wconf 88' lang='lat' dir='ltr'>Et</span> <span class='ocrx_word' id='word_1_52' title='bbox 330 905 403 959; x_wconf 91' lang='lat' dir='ltr'>idem</span> <span class='ocrx_word' id='word_1_53' title='bbox 415 905 458 960; x_wconf 89' lang='lat' dir='ltr'>dic</span> <span class='ocrx_word' id='word_1_54' title='bbox 469 905 503 960; x_wconf 87' lang='lat' dir='ltr'>de</span> <span class='ocrx_word' id='word_1_55' title='bbox 515 906 576 961; x_wconf 82' lang='lat' dir='ltr'>aliis</span> <span class='ocrx_word' id='word_1_56' title='bbox 588 907 744 980; x_wconf 88' lang='lat' dir='ltr'>compositis</span> <span class='ocrx_word' id='word_1_57' title='bbox 758 907 820 978; x_wconf 80' lang='lat' dir='ltr'>(vl.</span> <span class='ocrx_word' id='word_1_58' title='bbox 834 924 860 961; x_wconf 93' lang='lat' dir='ltr'>n.</span> <span class='ocrx_word' id='word_1_59' title='bbox 873 907 985 978; x_wconf 63' lang='lat' dir='ltr'>osee).</span> 
     </span>
    </p>

    <p class='ocr_par' dir='ltr' id='par_1_3' title="bbox 281 987 1387 1237">
     <span class='ocr_line' id='line_1_7' title="bbox 316 987 1387 1055; baseline -0.002 -11"><span class='ocrx_word' id='word_1_60' title='bbox 316 990 355 1045; x_wconf 88' lang='lat' dir='ltr'>Et</span> <span class='ocrx_word' id='word_1_61' title='bbox 372 991 411 1047; x_wconf 87' lang='lat' dir='ltr'>sio</span> <span class='ocrx_word' id='word_1_62' title='bbox 427 997 529 1050; x_wconf 67' lang='lat' dir='ltr'>cama</span> <span class='ocrx_word' id='word_1_63' title='bbox 545 1008 601 1047; x_wconf 90' lang='lat' dir='ltr'>non</span> <span class='ocrx_word' id='word_1_64' title='bbox 618 998 660 1048; x_wconf 88' lang='lat' dir='ltr'>est</span> <span class='ocrx_word' id='word_1_65' title='bbox 676 993 801 1049; x_wconf 83' lang='lat' dir='ltr'>accidens</span> <span class='ocrx_word' id='word_1_66' title='bbox 816 993 944 1055; x_wconf 86' lang='lat' dir='ltr'>hominis,</span> <span class='ocrx_word' id='word_1_67' title='bbox 957 992 1005 1048; x_wconf 88' lang='lat' dir='ltr'>sed</span> <span class='ocrx_word' id='word_1_68' title='bbox 1016 994 1071 1047; x_wconf 73' lang='lat' dir='ltr'>iac</span> <span class='ocrx_word' id='word_1_69' title='bbox 1081 998 1200 1048; x_wconf 64' lang='lat' dir='ltr'>mura:</span> <span class='ocrx_word' id='word_1_70' title='bbox 1218 991 1300 1046; x_wconf 89' lang='lat' dir='ltr'>homo</span> <span class='ocrx_word' id='word_1_71' title='bbox 1312 987 1387 1044; x_wconf 85' lang='lat' dir='ltr'>anim</span> 
     </span>
     <span class='ocr_line' id='line_1_8' title="bbox 281 1075 1387 1153; baseline -0.003 -21"><span class='ocrx_word' id='word_1_72' title='bbox 281 1077 339 1132; x_wconf 91' lang='lat' dir='ltr'>sine</span> <span class='ocrx_word' id='word_1_73' title='bbox 357 1082 461 1132; x_wconf 84' lang='lat' dir='ltr'>stature</span> <span class='ocrx_word' id='word_1_74' title='bbox 477 1097 532 1134; x_wconf 91' lang='lat' dir='ltr'>non</span> <span class='ocrx_word' id='word_1_75' title='bbox 550 1085 599 1147; x_wconf 87' lang='lat' dir='ltr'>est,</span> <span class='ocrx_word' id='word_1_76' title='bbox 612 1097 662 1134; x_wconf 89' lang='lat' dir='ltr'>nee</span> <span class='ocrx_word' id='word_1_77' title='bbox 679 1097 737 1135; x_wconf 91' lang='lat' dir='ltr'>esse</span> <span class='ocrx_word' id='word_1_78' title='bbox 754 1084 852 1153; x_wconf 79' lang='lat' dir='ltr'>potest</span> <span class='ocrx_word' id='word_1_79' title='bbox 888 1079 961 1135; x_wconf 89' lang='lat' dir='ltr'>Item</span> <span class='ocrx_word' id='word_1_80' title='bbox 979 1085 1119 1134; x_wconf 64' lang='lat' dir='ltr'>maura</span> <span class='ocrx_word' id='word_1_81' title='bbox 1137 1096 1192 1132; x_wconf 94' lang='lat' dir='ltr'>non</span> <span class='ocrx_word' id='word_1_82' title='bbox 1209 1082 1251 1132; x_wconf 89' lang='lat' dir='ltr'>est</span> <span class='ocrx_word' id='word_1_83' title='bbox 1261 1075 1387 1132; x_wconf 87' lang='lat' dir='ltr'>accidens</span> 
     </span>
     <span class='ocr_line' id='line_1_9' title="bbox 281 1164 763 1237; baseline 0 -19"><span class='ocrx_word' id='word_1_84' title='bbox 281 1164 382 1233; x_wconf 78' lang='lat' dir='ltr'>annuli,</span> <span class='ocrx_word' id='word_1_85' title='bbox 395 1165 443 1219; x_wconf 87' lang='lat' dir='ltr'>sed</span> <span class='ocrx_word' id='word_1_86' title='bbox 454 1165 508 1220; x_wconf 74' lang='lat' dir='ltr'>dac</span> <span class='ocrx_word' id='word_1_87' title='bbox 519 1172 659 1220; x_wconf 66' lang='lat' dir='ltr'>metra</span> <span class='ocrx_word' id='word_1_88' title='bbox 672 1165 763 1237; x_wconf 75' lang='lat' dir='ltr'>(ibid.)</span> 
     </span>
    </p>

    <p class='ocr_par' dir='ltr' id='par_1_4' title="bbox 279 1247 1386 2016">
     <span class='ocr_line' id='line_1_10' title="bbox 316 1247 1386 1324; baseline -0.005 -18"><span class='ocrx_word' id='word_1_89' title='bbox 316 1253 358 1307; x_wconf 76' lang='lat'>50.</span> <span class='ocrx_word' id='word_1_90' title='bbox 377 1251 571 1306; x_wconf 81' lang='lat' dir='ltr'>Insubstantia</span> <span class='ocrx_word' id='word_1_91' title='bbox 578 1251 727 1324; x_wconf 87' lang='lat' dir='ltr'>composita</span> <span class='ocrx_word' id='word_1_92' title='bbox 735 1252 869 1307; x_wconf 85' lang='lat' dir='ltr'>resultant</span> <span class='ocrx_word' id='word_1_93' title='bbox 877 1250 955 1324; x_wconf 88' lang='lat' dir='ltr'>plura</span> <span class='ocrx_word' id='word_1_94' title='bbox 966 1251 1124 1322; x_wconf 87' lang='lat' dir='ltr'>accidentia,</span> <span class='ocrx_word' id='word_1_95' title='bbox 1133 1250 1251 1322; x_wconf 88' lang='lat' dir='ltr'>quamin</span> <span class='ocrx_word' id='word_1_96' title='bbox 1259 1247 1386 1321; x_wconf 82' lang='lat' dir='ltr'>simplici,</span> 
     </span>
     <span class='ocr_line' id='line_1_11' title="bbox 282 1337 1386 1410; baseline -0.004 -16"><span class='ocrx_word' id='word_1_97' title='bbox 282 1352 307 1394; x_wconf 82' lang='lat' dir='ltr'>v.</span> <span class='ocrx_word' id='word_1_98' title='bbox 322 1357 359 1410; x_wconf 78' lang='lat' dir='ltr'>gr.</span> <span class='ocrx_word' id='word_1_99' title='bbox 373 1339 454 1408; x_wconf 89' lang='lat' dir='ltr'>color,</span> <span class='ocrx_word' id='word_1_100' title='bbox 470 1338 565 1410; x_wconf 67' lang='lat' dir='ltr'>figura,</span> <span class='ocrx_word' id='word_1_101' title='bbox 584 1339 722 1410; x_wconf 76' lang='lat' dir='ltr'>quantitas</span> <span class='ocrx_word' id='word_1_102' title='bbox 742 1355 838 1394; x_wconf 75' lang='lat' dir='ltr'>massas</span> <span class='ocrx_word' id='word_1_103' title='bbox 860 1344 888 1394; x_wconf 93' lang='lat' dir='ltr'>et</span> <span class='ocrx_word' id='word_1_104' title='bbox 899 1338 1046 1394; x_wconf 88' lang='lat' dir='ltr'>voluminis</span> <span class='ocrx_word' id='word_1_105' title='bbox 1064 1344 1093 1393; x_wconf 91' lang='lat' dir='ltr'>et</span> <span class='ocrx_word' id='word_1_106' title='bbox 1114 1339 1168 1393; x_wconf 82' lang='lat' dir='ltr'>alia</span> <span class='ocrx_word' id='word_1_107' title='bbox 1186 1337 1311 1410; x_wconf 86' lang='lat' dir='ltr'>plurime,</span> <span class='ocrx_word' id='word_1_108' title='bbox 1324 1352 1386 1408; x_wconf 79' lang='lat' dir='ltr'>quae</span> 
     </span>
     <span class='ocr_line' id='line_1_12' title="bbox 281 1423 1385 1498; baseline -0.003 -18"><span class='ocrx_word' id='word_1_109' title='bbox 281 1426 373 1480; x_wconf 84' lang='lat' dir='ltr'>omnia</span> <span class='ocrx_word' id='word_1_110' title='bbox 389 1425 518 1480; x_wconf 86' lang='lat' dir='ltr'>dicuntur</span> <span class='ocrx_word' id='word_1_111' title='bbox 531 1425 682 1488; x_wconf 82' lang='lat' dir='ltr'>accidentia</span> <span class='ocrx_word' id='word_1_112' title='bbox 699 1426 729 1480; x_wconf 93' lang='lat' dir='ltr'>in</span> <span class='ocrx_word' id='word_1_113' title='bbox 746 1432 879 1498; x_wconf 86' lang='lat' dir='ltr'>quantum</span> <span class='ocrx_word' id='word_1_114' title='bbox 894 1431 992 1480; x_wconf 85' lang='lat' dir='ltr'>natura</span> <span class='ocrx_word' id='word_1_115' title='bbox 1002 1425 1052 1480; x_wconf 84' lang='lat' dir='ltr'>illa</span> <span class='ocrx_word' id='word_1_116' title='bbox 1062 1425 1215 1497; x_wconf 87' lang='lat' dir='ltr'>composita</span> <span class='ocrx_word' id='word_1_117' title='bbox 1224 1428 1314 1497; x_wconf 88' lang='lat' dir='ltr'>potest</span> <span class='ocrx_word' id='word_1_118' title='bbox 1326 1423 1385 1478; x_wconf 90' lang='lat' dir='ltr'>sine</span> 
     </span>
     <span class='ocr_line' id='line_1_13' title="bbox 280 1510 1384 1585; baseline -0.003 -19"><span class='ocrx_word' id='word_1_119' title='bbox 280 1512 336 1567; x_wconf 91' lang='lat' dir='ltr'>illis</span> <span class='ocrx_word' id='word_1_120' title='bbox 352 1529 459 1566; x_wconf 87' lang='lat' dir='ltr'>manere</span> <span class='ocrx_word' id='word_1_121' title='bbox 475 1512 504 1566; x_wconf 87' lang='lat' dir='ltr'>in</span> <span class='ocrx_word' id='word_1_122' title='bbox 521 1529 569 1566; x_wconf 83' lang='lat' dir='ltr'>sua</span> <span class='ocrx_word' id='word_1_123' title='bbox 584 1513 689 1585; x_wconf 88' lang='lat' dir='ltr'>specie:</span> <span class='ocrx_word' id='word_1_124' title='bbox 708 1518 737 1568; x_wconf 91' lang='lat' dir='ltr'>et</span> <span class='ocrx_word' id='word_1_125' title='bbox 754 1513 792 1568; x_wconf 90' lang='lat' dir='ltr'>sic</span> <span class='ocrx_word' id='word_1_126' title='bbox 804 1512 837 1568; x_wconf 90' lang='lat' dir='ltr'>de</span> <span class='ocrx_word' id='word_1_127' title='bbox 850 1512 975 1567; x_wconf 88' lang='lat' dir='ltr'>omnibus</span> <span class='ocrx_word' id='word_1_128' title='bbox 986 1512 1131 1567; x_wconf 88' lang='lat' dir='ltr'>dicendum</span> <span class='ocrx_word' id='word_1_129' title='bbox 1143 1516 1184 1566; x_wconf 88' lang='lat' dir='ltr'>est</span> <span class='ocrx_word' id='word_1_130' title='bbox 1195 1511 1269 1583; x_wconf 91' lang='lat' dir='ltr'>quod</span> <span class='ocrx_word' id='word_1_131' title='bbox 1279 1510 1309 1564; x_wconf 90' lang='lat' dir='ltr'>in</span> <span class='ocrx_word' id='word_1_132' title='bbox 1320 1515 1384 1564; x_wconf 82' lang='lat' dir='ltr'>tan-</span> 
     </span>
     <span class='ocr_line' id='line_1_14' title="bbox 280 1597 1386 1670; baseline -0.002 -18"><span class='ocrx_word' id='word_1_133' title='bbox 280 1603 341 1652; x_wconf 88' lang='lat' dir='ltr'>tum</span> <span class='ocrx_word' id='word_1_134' title='bbox 359 1603 422 1652; x_wconf 81' lang='lat' dir='ltr'>sunt</span> <span class='ocrx_word' id='word_1_135' title='bbox 439 1597 595 1668; x_wconf 82' lang='lat' dir='ltr'>accidentis,</span> <span class='ocrx_word' id='word_1_136' title='bbox 614 1599 644 1652; x_wconf 94' lang='lat' dir='ltr'>in</span> <span class='ocrx_word' id='word_1_137' title='bbox 661 1603 794 1670; x_wconf 84' lang='lat' dir='ltr'>quantum</span> <span class='ocrx_word' id='word_1_138' title='bbox 805 1604 870 1653; x_wconf 88' lang='lat' dir='ltr'>sunt</span> <span class='ocrx_word' id='word_1_139' title='bbox 886 1617 994 1653; x_wconf 69' lang='lat' dir='ltr'>nummo</span> <span class='ocrx_word' id='word_1_140' title='bbox 1010 1600 1079 1668; x_wconf 77' lang='lat' dir='ltr'>lacc3</span> <span class='ocrx_word' id='word_1_141' title='bbox 1098 1598 1207 1652; x_wconf 92' lang='lat' dir='ltr'>sienim</span> <span class='ocrx_word' id='word_1_142' title='bbox 1219 1597 1386 1669; x_wconf 76' lang='lat' dir='ltr'>accipiantur</span> 
     </span>
     <span class='ocr_line' id='line_1_15' title="bbox 280 1684 1385 1758; baseline -0.002 -18"><span class='ocrx_word' id='word_1_143' title='bbox 280 1685 497 1755; x_wconf 86' lang='lat' dir='ltr'>indeterminate,</span> <span class='ocrx_word' id='word_1_144' title='bbox 509 1686 586 1740; x_wconf 92' lang='lat' dir='ltr'>nullo</span> <span class='ocrx_word' id='word_1_145' title='bbox 598 1687 679 1741; x_wconf 90' lang='lat' dir='ltr'>modo</span> <span class='ocrx_word' id='word_1_146' title='bbox 691 1691 771 1740; x_wconf 89' lang='lat' dir='ltr'>erunt</span> <span class='ocrx_word' id='word_1_147' title='bbox 783 1686 941 1754; x_wconf 86' lang='lat' dir='ltr'>accidentia,</span> <span class='ocrx_word' id='word_1_148' title='bbox 954 1686 1019 1758; x_wconf 86' lang='lat' dir='ltr'>quia</span> <span class='ocrx_word' id='word_1_149' title='bbox 1029 1685 1126 1757; x_wconf 89' lang='lat' dir='ltr'>nequit</span> <span class='ocrx_word' id='word_1_150' title='bbox 1141 1684 1292 1740; x_wconf 85' lang='lat' dir='ltr'>substantia</span> <span class='ocrx_word' id='word_1_151' title='bbox 1309 1701 1385 1739; x_wconf 88' lang='lat' dir='ltr'>com-</span> 
     </span>
     <span class='ocr_line' id='line_1_16' title="bbox 280 1771 1385 1844; baseline 0.002 -20"><span class='ocrx_word' id='word_1_152' title='bbox 280 1771 369 1843; x_wconf 85' lang='lat' dir='ltr'>posita</span> <span class='ocrx_word' id='word_1_153' title='bbox 384 1789 438 1824; x_wconf 92' lang='lat' dir='ltr'>non</span> <span class='ocrx_word' id='word_1_154' title='bbox 455 1771 555 1827; x_wconf 87' lang='lat' dir='ltr'>habere</span> <span class='ocrx_word' id='word_1_155' title='bbox 570 1789 695 1842; x_wconf 86' lang='lat' dir='ltr'>messam,</span> <span class='ocrx_word' id='word_1_156' title='bbox 708 1772 831 1844; x_wconf 76' lang='lat' dir='ltr'>figuram,</span> <span class='ocrx_word' id='word_1_157' title='bbox 844 1773 978 1843; x_wconf 90' lang='lat' dir='ltr'>volumen,</span> <span class='ocrx_word' id='word_1_158' title='bbox 994 1772 1248 1828; x_wconf 67' lang='lat' dir='ltr'>dominationem</span> <span class='ocrx_word' id='word_1_159' title='bbox 1265 1772 1385 1844; x_wconf 84' lang='lat' dir='ltr'>aliquam</span> 
     </span>
     <span class='ocr_line' id='line_1_17' title="bbox 280 1857 1385 1930; baseline 0 -18"><span class='ocrx_word' id='word_1_160' title='bbox 280 1857 316 1912; x_wconf 85' lang='lat' dir='ltr'>ad</span> <span class='ocrx_word' id='word_1_161' title='bbox 327 1857 481 1912; x_wconf 88' lang='lat' dir='ltr'>afficiendos</span> <span class='ocrx_word' id='word_1_162' title='bbox 493 1875 588 1912; x_wconf 71' lang='lat' dir='ltr'>senuas</span> <span class='ocrx_word' id='word_1_163' title='bbox 601 1863 651 1913; x_wconf 90' lang='lat' dir='ltr'>etc.</span> <span class='ocrx_word' id='word_1_164' title='bbox 690 1858 780 1923; x_wconf 80' lang='lat' dir='ltr'>Quare</span> <span class='ocrx_word' id='word_1_165' title='bbox 793 1859 861 1913; x_wconf 78' lang='lat' dir='ltr'>aolus</span> <span class='ocrx_word' id='word_1_166' title='bbox 870 1861 969 1929; x_wconf 61' lang='lat' dir='ltr'>mades</span> <span class='ocrx_word' id='word_1_167' title='bbox 980 1876 1060 1930; x_wconf 91' lang='lat' dir='ltr'>quem</span> <span class='ocrx_word' id='word_1_168' title='bbox 1071 1858 1174 1913; x_wconf 89' lang='lat' dir='ltr'>habent</span> <span class='ocrx_word' id='word_1_169' title='bbox 1188 1857 1219 1912; x_wconf 91' lang='lat' dir='ltr'>in</span> <span class='ocrx_word' id='word_1_170' title='bbox 1235 1857 1385 1930; x_wconf 85' lang='lat' dir='ltr'>composito</span> 
     </span>
     <span class='ocr_line' id='line_1_18' title="bbox 279 1944 608 2016; baseline 0.003 -18"><span class='ocrx_word' id='word_1_171' title='bbox 279 1951 321 1999; x_wconf 86' lang='lat' dir='ltr'>est</span> <span class='ocrx_word' id='word_1_172' title='bbox 331 1945 505 1998; x_wconf 85' lang='lat' dir='ltr'>accidentalis</span> <span class='ocrx_word' id='word_1_173' title='bbox 518 1944 608 2016; x_wconf 75' lang='lat' dir='ltr'>(alid).</span> 
     </span>
    </p>

    <p class='ocr_par' dir='ltr' id='par_1_5' title="bbox 279 2031 1387 2709">
     <span class='ocr_line' id='line_1_19' title="bbox 315 2031 1387 2102; baseline -0.001 -15"><span class='ocrx_word' id='word_1_174' title='bbox 315 2031 448 2097; x_wconf 76' lang='lat' dir='ltr'>Quadam</span> <span class='ocrx_word' id='word_1_175' title='bbox 465 2037 556 2086; x_wconf 87' lang='lat' dir='ltr'>tamen</span> <span class='ocrx_word' id='word_1_176' title='bbox 575 2049 608 2085; x_wconf 86' lang='lat' dir='ltr'>ex</span> <span class='ocrx_word' id='word_1_177' title='bbox 626 2031 668 2099; x_wconf 91' lang='lat' dir='ltr'>iis,</span> <span class='ocrx_word' id='word_1_178' title='bbox 687 2036 719 2086; x_wconf 86' lang='lat' dir='ltr'>ut</span> <span class='ocrx_word' id='word_1_179' title='bbox 735 2032 830 2102; x_wconf 78' lang='lat' dir='ltr'>figura,</span> <span class='ocrx_word' id='word_1_180' title='bbox 849 2037 877 2085; x_wconf 89' lang='lat' dir='ltr'>et</span> <span class='ocrx_word' id='word_1_181' title='bbox 894 2031 1023 2086; x_wconf 89' lang='lat' dir='ltr'>volumen</span> <span class='ocrx_word' id='word_1_182' title='bbox 1040 2049 1096 2085; x_wconf 92' lang='lat' dir='ltr'>non</span> <span class='ocrx_word' id='word_1_183' title='bbox 1113 2036 1178 2086; x_wconf 89' lang='lat' dir='ltr'>sunt</span> <span class='ocrx_word' id='word_1_184' title='bbox 1194 2032 1224 2085; x_wconf 66' lang='grc' dir='ltr'>ἐπ</span> <span class='ocrx_word' id='word_1_185' title='bbox 1246 2031 1387 2101; x_wconf 79' lang='lat' dir='ltr'>composito</span> 
     </span>
     <span class='ocr_line' id='line_1_20' title="bbox 279 2117 1386 2191; baseline 0 -19"><span class='ocrx_word' id='word_1_186' title='bbox 279 2125 419 2190; x_wconf 84' lang='lat' dir='ltr'>tamquam</span> <span class='ocrx_word' id='word_1_187' title='bbox 437 2118 540 2190; x_wconf 89' lang='lat' dir='ltr'>aliquid</span> <span class='ocrx_word' id='word_1_188' title='bbox 557 2123 696 2191; x_wconf 86' lang='lat' dir='ltr'>receptum</span> <span class='ocrx_word' id='word_1_189' title='bbox 713 2119 757 2172; x_wconf 84' lang='lat' dir='ltr'>vel</span> <span class='ocrx_word' id='word_1_190' title='bbox 774 2118 908 2173; x_wconf 81' lang='lat' dir='ltr'>resultans</span> <span class='ocrx_word' id='word_1_191' title='bbox 925 2137 960 2172; x_wconf 87' lang='lat' dir='ltr'>ex</span> <span class='ocrx_word' id='word_1_192' title='bbox 978 2117 1139 2190; x_wconf 86' lang='lat' dir='ltr'>receptione,</span> <span class='ocrx_word' id='word_1_193' title='bbox 1158 2119 1206 2174; x_wconf 92' lang='lat' dir='ltr'>sed</span> <span class='ocrx_word' id='word_1_194' title='bbox 1227 2122 1335 2173; x_wconf 83' lang='lat' dir='ltr'>tantum</span> <span class='ocrx_word' id='word_1_195' title='bbox 1352 2123 1386 2172; x_wconf 90' lang='lat' dir='ltr'>ut</span> 
     </span>
     <span class='ocr_line' id='line_1_21' title="bbox 280 2203 1384 2277; baseline 0 -17"><span class='ocrx_word' id='word_1_196' title='bbox 280 2205 383 2277; x_wconf 89' lang='lat' dir='ltr'>aliquid</span> <span class='ocrx_word' id='word_1_197' title='bbox 395 2222 429 2259; x_wconf 84' lang='lat' dir='ltr'>ex</span> <span class='ocrx_word' id='word_1_198' title='bbox 441 2203 616 2258; x_wconf 80' lang='lat' dir='ltr'>relationibus</span> <span class='ocrx_word' id='word_1_199' title='bbox 628 2203 786 2258; x_wconf 84' lang='lat' dir='ltr'>extrinsecis</span> <span class='ocrx_word' id='word_1_200' title='bbox 798 2209 903 2258; x_wconf 84' lang='lat' dir='ltr'>ortmn:</span> <span class='ocrx_word' id='word_1_201' title='bbox 922 2210 950 2259; x_wconf 90' lang='lat' dir='ltr'>et</span> <span class='ocrx_word' id='word_1_202' title='bbox 961 2205 1090 2259; x_wconf 85' lang='lat' dir='ltr'>dicuntm</span> <span class='ocrx_word' id='word_1_203' title='bbox 1104 2223 1161 2258; x_wconf 86' lang='lat' dir='ltr'>esse</span> <span class='ocrx_word' id='word_1_204' title='bbox 1179 2204 1209 2259; x_wconf 91' lang='lat' dir='ltr'>in</span> <span class='ocrx_word' id='word_1_205' title='bbox 1225 2204 1384 2277; x_wconf 83' lang='lat' dir='ltr'>composito,</span> 
     </span>
     <span class='ocr_line' id='line_1_22' title="bbox 279 2289 1385 2364; baseline 0 -18"><span class='ocrx_word' id='word_1_206' title='bbox 279 2298 311 2347; x_wconf 80' lang='lat' dir='ltr'>at</span> <span class='ocrx_word' id='word_1_207' title='bbox 328 2292 358 2345; x_wconf 94' lang='lat' dir='ltr'>in</span> <span class='ocrx_word' id='word_1_208' title='bbox 375 2291 496 2345; x_wconf 87' lang='lat' dir='ltr'>subiecto</span> <span class='ocrx_word' id='word_1_209' title='bbox 513 2289 665 2362; x_wconf 84' lang='lat' dir='ltr'>multiplici,</span> <span class='ocrx_word' id='word_1_210' title='bbox 684 2290 833 2344; x_wconf 86' lang='lat' dir='ltr'>secundum</span> <span class='ocrx_word' id='word_1_211' title='bbox 853 2291 1013 2346; x_wconf 82' lang='lat' dir='ltr'>relationem</span> <span class='ocrx_word' id='word_1_212' title='bbox 1037 2291 1217 2346; x_wconf 84' lang='lat' dir='ltr'>extrinsecam</span> <span class='ocrx_word' id='word_1_213' title='bbox 1239 2291 1326 2364; x_wconf 83' lang='lat' dir='ltr'>partis</span> <span class='ocrx_word' id='word_1_214' title='bbox 1349 2293 1385 2346; x_wconf 86' lang='lat' dir='ltr'>ed</span> 
     </span>
     <span class='ocr_line' id='line_1_23' title="bbox 279 2375 1386 2451; baseline 0.002 -20"><span class='ocrx_word' id='word_1_215' title='bbox 279 2384 382 2451; x_wconf 88' lang='lat' dir='ltr'>partem</span> <span class='ocrx_word' id='word_1_216' title='bbox 394 2381 509 2431; x_wconf 85' lang='lat' dir='ltr'>tentum.</span> <span class='ocrx_word' id='word_1_217' title='bbox 546 2375 585 2429; x_wconf 83' lang='lat' dir='ltr'>Et</span> <span class='ocrx_word' id='word_1_218' title='bbox 595 2375 641 2430; x_wconf 86' lang='lat' dir='ltr'>hic</span> <span class='ocrx_word' id='word_1_219' title='bbox 654 2380 696 2430; x_wconf 89' lang='lat' dir='ltr'>est</span> <span class='ocrx_word' id='word_1_220' title='bbox 708 2375 781 2430; x_wconf 90' lang='lat' dir='ltr'>solus</span> <span class='ocrx_word' id='word_1_221' title='bbox 791 2376 890 2431; x_wconf 88' lang='lat' dir='ltr'>modus</span> <span class='ocrx_word' id='word_1_222' title='bbox 899 2377 1064 2449; x_wconf 83' lang='lat' dir='ltr'>praedicandi</span> <span class='ocrx_word' id='word_1_223' title='bbox 1075 2377 1232 2432; x_wconf 85' lang='lat' dir='ltr'>relationem</span> <span class='ocrx_word' id='word_1_224' title='bbox 1244 2386 1386 2450; x_wconf 79' lang='lat' dir='ltr'>tamquam</span> 
     </span>
     <span class='ocr_line' id='line_1_24' title="bbox 279 2462 1383 2537; baseline 0.001 -18"><span class='ocrx_word' id='word_1_225' title='bbox 279 2464 384 2537; x_wconf 76' lang='lat' dir='ltr'>aliquid</span> <span class='ocrx_word' id='word_1_226' title='bbox 395 2465 426 2518; x_wconf 75' lang='lat' dir='ltr'>irs</span> <span class='ocrx_word' id='word_1_227' title='bbox 436 2464 547 2517; x_wconf 77' lang='lat' dir='ltr'>subiecto</span> <span class='ocrx_word' id='word_1_228' title='bbox 557 2462 683 2530; x_wconf 85' lang='lat' dir='ltr'>existens,</span> <span class='ocrx_word' id='word_1_229' title='bbox 697 2462 726 2516; x_wconf 91' lang='lat' dir='ltr'>id</span> <span class='ocrx_word' id='word_1_230' title='bbox 738 2467 780 2516; x_wconf 88' lang='lat' dir='ltr'>est</span> <span class='ocrx_word' id='word_1_231' title='bbox 790 2463 819 2516; x_wconf 81' lang='lat' dir='ltr'>in</span> <span class='ocrx_word' id='word_1_232' title='bbox 826 2463 948 2534; x_wconf 77' lang='lat' dir='ltr'>pluritas</span> <span class='ocrx_word' id='word_1_233' title='bbox 959 2463 1076 2518; x_wconf 59' lang='grc' dir='ltr'>εαόἂεούιὲ</span> <span class='ocrx_word' id='word_1_234' title='bbox 1090 2464 1184 2519; x_wconf 85' lang='lat' dir='ltr'>relatis</span> <span class='ocrx_word' id='word_1_235' title='bbox 1201 2466 1237 2519; x_wconf 87' lang='lat' dir='ltr'>ad</span> <span class='ocrx_word' id='word_1_236' title='bbox 1253 2465 1383 2521; x_wconf 85' lang='lat' dir='ltr'>invicem.</span> 
     </span>
     <span class='ocr_line' id='line_1_25' title="bbox 280 2548 1386 2622; baseline 0.002 -16"><span class='ocrx_word' id='word_1_237' title='bbox 280 2552 335 2606; x_wconf 82' lang='lat' dir='ltr'>Sed</span> <span class='ocrx_word' id='word_1_238' title='bbox 353 2551 413 2605; x_wconf 83' lang='lat' dir='ltr'>haec</span> <span class='ocrx_word' id='word_1_239' title='bbox 422 2548 583 2622; x_wconf 87' lang='lat' dir='ltr'>praedicatio</span> <span class='ocrx_word' id='word_1_240' title='bbox 598 2553 640 2602; x_wconf 89' lang='lat' dir='ltr'>est</span> <span class='ocrx_word' id='word_1_241' title='bbox 657 2548 747 2621; x_wconf 80' lang='lat' dir='ltr'>logice</span> <span class='ocrx_word' id='word_1_242' title='bbox 758 2554 874 2618; x_wconf 89' lang='lat' dir='ltr'>tantum,</span> <span class='ocrx_word' id='word_1_243' title='bbox 888 2550 952 2620; x_wconf 87' lang='lat' dir='ltr'>quia</span> <span class='ocrx_word' id='word_1_244' title='bbox 964 2568 1049 2604; x_wconf 92' lang='lat' dir='ltr'>unum</span> <span class='ocrx_word' id='word_1_245' title='bbox 1063 2555 1092 2604; x_wconf 91' lang='lat' dir='ltr'>et</span> <span class='ocrx_word' id='word_1_246' title='bbox 1103 2550 1177 2605; x_wconf 90' lang='lat' dir='ltr'>idem</span> <span class='ocrx_word' id='word_1_247' title='bbox 1188 2569 1300 2608; x_wconf 90' lang='lat' dir='ltr'>numero</span> <span class='ocrx_word' id='word_1_248' title='bbox 1312 2554 1386 2608; x_wconf 83' lang='lat' dir='ltr'>rela-</span> 
     </span>
     <span class='ocr_line' id='line_1_26' title="bbox 279 2634 1145 2709; baseline -0.005 -16"><span class='ocrx_word' id='word_1_249' title='bbox 279 2639 368 2693; x_wconf 86' lang='lat' dir='ltr'>tivum</span> <span class='ocrx_word' id='word_1_250' title='bbox 380 2655 434 2691; x_wconf 91' lang='lat' dir='ltr'>non</span> <span class='ocrx_word' id='word_1_251' title='bbox 446 2641 535 2709; x_wconf 90' lang='lat' dir='ltr'>potest</span> <span class='ocrx_word' id='word_1_252' title='bbox 546 2635 657 2708; x_wconf 84' lang='lat' dir='ltr'>physice</span> <span class='ocrx_word' id='word_1_253' title='bbox 669 2653 727 2690; x_wconf 85' lang='lat' dir='ltr'>esse</span> <span class='ocrx_word' id='word_1_254' title='bbox 738 2635 768 2688; x_wconf 90' lang='lat' dir='ltr'>in</span> <span class='ocrx_word' id='word_1_255' title='bbox 779 2634 901 2708; x_wconf 75' lang='lat' dir='ltr'>pluribus</span> <span class='ocrx_word' id='word_1_256' title='bbox 914 2635 977 2705; x_wconf 88' lang='lat' dir='ltr'>(VI.</span> <span class='ocrx_word' id='word_1_257' title='bbox 990 2655 1017 2690; x_wconf 90' lang='lat' dir='ltr'>n.</span> <span class='ocrx_word' id='word_1_258' title='bbox 1030 2635 1074 2705; x_wconf 84' lang='lat'>47,</span> <span class='ocrx_word' id='word_1_259' title='bbox 1087 2636 1145 2707; x_wconf 80' lang='lat'>48).</span> 
     </span>
    </p>

    <p class='ocr_par' dir='ltr' id='par_1_6' title="bbox 278 2721 1385 3312">
     <span class='ocr_line' id='line_1_27' title="bbox 314 2721 1385 2796; baseline -0.002 -16"><span class='ocrx_word' id='word_1_260' title='bbox 314 2727 356 2781; x_wconf 83' lang='lat'>51.</span> <span class='ocrx_word' id='word_1_261' title='bbox 376 2724 583 2793; x_wconf 79' lang='lat' dir='ltr'>Concludemue,</span> <span class='ocrx_word' id='word_1_262' title='bbox 597 2739 644 2777; x_wconf 89' lang='lat' dir='ltr'>ens</span> <span class='ocrx_word' id='word_1_263' title='bbox 661 2721 690 2776; x_wconf 90' lang='lat' dir='ltr'>in</span> <span class='ocrx_word' id='word_1_264' title='bbox 709 2721 766 2777; x_wconf 86' lang='lat' dir='ltr'>elio</span> <span class='ocrx_word' id='word_1_265' title='bbox 775 2721 867 2776; x_wconf 89' lang='lat' dir='ltr'>reduci</span> <span class='ocrx_word' id='word_1_266' title='bbox 879 2722 1067 2792; x_wconf 53' lang='lat' dir='ltr'>&amp;mastonem</span> <span class='ocrx_word' id='word_1_267' title='bbox 1080 2727 1108 2776; x_wconf 87' lang='lat' dir='ltr'>et</span> <span class='ocrx_word' id='word_1_268' title='bbox 1119 2723 1310 2778; x_wconf 69' lang='lat' dir='ltr'>resultationem</span> <span class='ocrx_word' id='word_1_269' title='bbox 1316 2745 1385 2796; x_wconf 72' lang='lat' dir='ltr'>pus-</span> 
     </span>
     <span class='ocr_line' id='line_1_28' title="bbox 278 2803 1381 2883; baseline -0.001 -16"><span class='ocrx_word' id='word_1_270' title='bbox 278 2813 360 2867; x_wconf 81' lang='lat' dir='ltr'>at&#39;om&#39;a</span> <span class='ocrx_word' id='word_1_271' title='bbox 375 2815 490 2865; x_wconf 80' lang='lat' dir='ltr'>tautum.</span> <span class='ocrx_word' id='word_1_272' title='bbox 527 2809 646 2880; x_wconf 89' lang='lat' dir='ltr'>Reliqua</span> <span class='ocrx_word' id='word_1_273' title='bbox 657 2826 720 2863; x_wconf 88' lang='lat' dir='ltr'>vero</span> <span class='ocrx_word' id='word_1_274' title='bbox 736 2808 888 2864; x_wconf 85' lang='lat' dir='ltr'>accidentia</span> <span class='ocrx_word' id='word_1_275' title='bbox 905 2825 962 2862; x_wconf 88' lang='lat' dir='ltr'>esse</span> <span class='ocrx_word' id='word_1_276' title='bbox 973 2809 1019 2863; x_wconf 86' lang='lat' dir='ltr'>vel</span> <span class='ocrx_word' id='word_1_277' title='bbox 1037 2810 1070 2863; x_wconf 79' lang='lat' dir='ltr'>ab</span> <span class='ocrx_word' id='word_1_278' title='bbox 1087 2809 1138 2862; x_wconf 70' lang='lat' dir='ltr'>atio</span> <span class='ocrx_word' id='word_1_279' title='bbox 1153 2809 1257 2864; x_wconf 86' lang='lat' dir='ltr'>scilicet</span> <span class='ocrx_word' id='word_1_280' title='bbox 1272 2803 1381 2883; x_wconf 81' lang='lat' dir='ltr'>agente,</span> 
     </span>
     <span class='ocr_line' id='line_1_29' title="bbox 278 2894 1385 2969; baseline 0.001 -16"><span class='ocrx_word' id='word_1_281' title='bbox 278 2900 323 2953; x_wconf 75' lang='lat' dir='ltr'>vel</span> <span class='ocrx_word' id='word_1_282' title='bbox 334 2900 371 2952; x_wconf 82' lang='lat' dir='ltr'>ad</span> <span class='ocrx_word' id='word_1_283' title='bbox 381 2898 462 2966; x_wconf 76' lang='lat' dir='ltr'>aliud,</span> <span class='ocrx_word' id='word_1_284' title='bbox 471 2897 505 2950; x_wconf 93' lang='lat' dir='ltr'>de</span> <span class='ocrx_word' id='word_1_285' title='bbox 517 2895 614 2967; x_wconf 86' lang='lat' dir='ltr'>quibus</span> <span class='ocrx_word' id='word_1_286' title='bbox 627 2895 705 2949; x_wconf 77' lang='lat' dir='ltr'>infra</span> <span class='ocrx_word' id='word_1_287' title='bbox 736 2895 816 2963; x_wconf 86' lang='lat' dir='ltr'>Item,</span> <span class='ocrx_word' id='word_1_288' title='bbox 826 2912 874 2948; x_wconf 91' lang='lat' dir='ltr'>ens</span> <span class='ocrx_word' id='word_1_289' title='bbox 885 2894 915 2948; x_wconf 90' lang='lat' dir='ltr'>in</span> <span class='ocrx_word' id='word_1_290' title='bbox 927 2895 982 2948; x_wconf 89' lang='lat' dir='ltr'>alio</span> <span class='ocrx_word' id='word_1_291' title='bbox 993 2912 1049 2948; x_wconf 93' lang='lat' dir='ltr'>non</span> <span class='ocrx_word' id='word_1_292' title='bbox 1060 2895 1159 2950; x_wconf 87' lang='lat' dir='ltr'>habere</span> <span class='ocrx_word' id='word_1_293' title='bbox 1171 2914 1228 2969; x_wconf 85' lang='lat' dir='ltr'>essa¹</span> <span class='ocrx_word' id='word_1_294' title='bbox 1239 2897 1385 2969; x_wconf 77' lang='lat' dir='ltr'>physicum</span> 
     </span>
     <span class='ocr_line' id='line_1_30' title="bbox 279 2981 1384 3057; baseline 0.002 -19"><span class='ocrx_word' id='word_1_295' title='bbox 279 2985 332 3038; x_wconf 83' lang='lat' dir='ltr'>nisi</span> <span class='ocrx_word' id='word_1_296' title='bbox 344 3001 401 3038; x_wconf 81' lang='lat' dir='ltr'>esee</span> <span class='ocrx_word' id='word_1_297' title='bbox 410 2982 578 3050; x_wconf 66' lang='lat' dir='ltr'>snbstantias,</span> <span class='ocrx_word' id='word_1_298' title='bbox 591 2987 638 3035; x_wconf 91' lang='lat' dir='ltr'>sut</span> <span class='ocrx_word' id='word_1_299' title='bbox 649 2987 763 3051; x_wconf 81' lang='lat' dir='ltr'>neturae,</span> <span class='ocrx_word' id='word_1_300' title='bbox 776 2981 852 3035; x_wconf 87' lang='lat' dir='ltr'>cuius</span> <span class='ocrx_word' id='word_1_301' title='bbox 864 2986 913 3050; x_wconf 88' lang='lat' dir='ltr'>est,</span> <span class='ocrx_word' id='word_1_302' title='bbox 926 2982 974 3035; x_wconf 90' lang='lat' dir='ltr'>sed</span> <span class='ocrx_word' id='word_1_303' title='bbox 986 2982 1015 3035; x_wconf 92' lang='lat' dir='ltr'>in</span> <span class='ocrx_word' id='word_1_304' title='bbox 1027 2982 1161 3036; x_wconf 85' lang='lat' dir='ltr'>abstracto</span> <span class='ocrx_word' id='word_1_305' title='bbox 1173 2983 1278 3057; x_wconf 86' lang='lat' dir='ltr'>concipi</span> <span class='ocrx_word' id='word_1_306' title='bbox 1291 2990 1323 3039; x_wconf 89' lang='lat' dir='ltr'>ut</span> <span class='ocrx_word' id='word_1_307' title='bbox 1334 3004 1384 3040; x_wconf 87' lang='lat' dir='ltr'>ens</span> 
     </span>
     <span class='ocr_line' id='line_1_31' title="bbox 279 3067 1384 3144; baseline 0.002 -20"><span class='ocrx_word' id='word_1_308' title='bbox 279 3068 502 3141; x_wconf 80' lang='lat' dir='ltr'>metaphysicum,</span> <span class='ocrx_word' id='word_1_309' title='bbox 512 3085 560 3122; x_wconf 86' lang='lat' dir='ltr'>seu</span> <span class='ocrx_word' id='word_1_310' title='bbox 568 3067 701 3121; x_wconf 82' lang='lat' dir='ltr'>rationem</span> <span class='ocrx_word' id='word_1_311' title='bbox 713 3067 827 3136; x_wconf 89' lang='lat' dir='ltr'>essendi,</span> <span class='ocrx_word' id='word_1_312' title='bbox 837 3084 907 3138; x_wconf 74' lang='lat' dir='ltr'>qua,</span> <span class='ocrx_word' id='word_1_313' title='bbox 917 3073 948 3121; x_wconf 90' lang='lat' dir='ltr'>ut</span> <span class='ocrx_word' id='word_1_314' title='bbox 960 3069 1014 3122; x_wconf 72' lang='lat' dir='ltr'>hcc</span> <span class='ocrx_word' id='word_1_315' title='bbox 1020 3087 1128 3122; x_wconf 81' lang='lat' dir='ltr'>numero</span> <span class='ocrx_word' id='word_1_316' title='bbox 1136 3069 1181 3124; x_wconf 85' lang='lat' dir='ltr'>vel</span> <span class='ocrx_word' id='word_1_317' title='bbox 1193 3071 1269 3124; x_wconf 68' lang='lat' dir='ltr'>trdus</span> <span class='ocrx_word' id='word_1_318' title='bbox 1275 3074 1384 3144; x_wconf 67' lang='lat' dir='ltr'>prodam,</span> 
     </span>
     <span class='ocr_line' id='line_1_32' title="bbox 278 3153 1385 3227; baseline 0.003 -16"><span class='ocrx_word' id='word_1_319' title='bbox 278 3163 320 3212; x_wconf 89' lang='lat' dir='ltr'>est</span> <span class='ocrx_word' id='word_1_320' title='bbox 343 3153 602 3225; x_wconf 62' lang='lat' dir='ltr'>occidentalisque</span> <span class='ocrx_word' id='word_1_321' title='bbox 625 3154 700 3209; x_wconf 88' lang='lat' dir='ltr'>salva</span> <span class='ocrx_word' id='word_1_322' title='bbox 723 3153 875 3208; x_wconf 86' lang='lat' dir='ltr'>substantia</span> <span class='ocrx_word' id='word_1_323' title='bbox 895 3153 940 3210; x_wconf 87' lang='lat' dir='ltr'>vel</span> <span class='ocrx_word' id='word_1_324' title='bbox 958 3159 1056 3209; x_wconf 74' lang='lat' dir='ltr'>nauus</span> <span class='ocrx_word' id='word_1_325' title='bbox 1078 3153 1118 3208; x_wconf 88' lang='lat' dir='ltr'>rei</span> <span class='ocrx_word' id='word_1_326' title='bbox 1141 3159 1307 3227; x_wconf 87' lang='lat' dir='ltr'>potestesse</span> <span class='ocrx_word' id='word_1_327' title='bbox 1329 3159 1385 3213; x_wconf 74' lang='lat' dir='ltr'>alia</span> 
     </span>
     <span class='ocr_line' id='line_1_33' title="bbox 279 3241 683 3312; baseline -0.012 -14"><span class='ocrx_word' id='word_1_328' title='bbox 279 3261 394 3312; x_wconf 69' lang='lat' dir='ltr'>auersere,</span> <span class='ocrx_word' id='word_1_329' title='bbox 407 3242 451 3296; x_wconf 89' lang='lat' dir='ltr'>vel</span> <span class='ocrx_word' id='word_1_330' title='bbox 462 3241 568 3295; x_wconf 61' lang='lat' dir='ltr'>Mae</span> <span class='ocrx_word' id='word_1_331' title='bbox 577 3241 683 3310; x_wconf 62' lang='lat' dir='ltr'>modus.</span> 
     </span>
    </p>
   </div>
   <div class='ocr_carea' id='block_1_3' title="bbox 633 3441 1026 3620">
    <p class='ocr_par' dir='ltr' id='par_1_7' title="bbox 633 3441 1026 3620">
     <span class='ocr_line' id='line_1_34' title="bbox 672 3441 986 3482; baseline 0 -1"><span class='ocrx_word' id='word_1_332' title='bbox 672 3441 839 3482; x_wconf 67' lang='lat' dir='ltr'>sermones</span> <span class='ocrx_word' id='word_1_333' title='bbox 852 3443 986 3482; x_wconf 75' lang='lat' dir='ltr'>rannus.</span> 
     </span>
     <span class='ocr_line' id='line_1_35' title="bbox 633 3546 1026 3620; baseline 0 -18"><span class='ocrx_word' id='word_1_334' title='bbox 633 3546 1026 3620; x_wconf 67' lang='lat' dir='ltr'>Eruperaeetcaaperolt&#39;ud.</span> 
     </span>
    </p>
   </div>
   <div class='ocr_carea' id='block_1_4' title="bbox 277 3667 1384 4437">
    <p class='ocr_par' dir='ltr' id='par_1_8' title="bbox 278 3667 1383 3917">
     <span class='ocr_line' id='line_1_36' title="bbox 314 3667 1382 3741; baseline 0.004 -16"><span class='ocrx_word' id='word_1_335' title='bbox 314 3673 356 3726; x_wconf 78' lang='lat'>52.</span> <span class='ocrx_word' id='word_1_336' title='bbox 376 3671 434 3723; x_wconf 78' lang='lat' dir='ltr'>Ena</span> <span class='ocrx_word' id='word_1_337' title='bbox 440 3687 491 3739; x_wconf 82' lang='lat' dir='ltr'>per</span> <span class='ocrx_word' id='word_1_338' title='bbox 501 3686 534 3721; x_wconf 90' lang='lat' dir='ltr'>se.</span> <span class='ocrx_word' id='word_1_339' title='bbox 571 3667 645 3722; x_wconf 87' lang='lat' dir='ltr'>sslud</span> <span class='ocrx_word' id='word_1_340' title='bbox 656 3667 756 3723; x_wconf 84' lang='lat' dir='ltr'>dicitm</span> <span class='ocrx_word' id='word_1_341' title='bbox 767 3686 825 3722; x_wconf 87' lang='lat' dir='ltr'>esse</span> <span class='ocrx_word' id='word_1_342' title='bbox 831 3687 883 3739; x_wconf 81' lang='lat' dir='ltr'>par</span> <span class='ocrx_word' id='word_1_343' title='bbox 894 3688 928 3739; x_wconf 85' lang='lat' dir='ltr'>aa,</span> <span class='ocrx_word' id='word_1_344' title='bbox 940 3669 1012 3741; x_wconf 91' lang='lat' dir='ltr'>quod</span> <span class='ocrx_word' id='word_1_345' title='bbox 1023 3669 1064 3724; x_wconf 87' lang='lat' dir='ltr'>ita</span> <span class='ocrx_word' id='word_1_346' title='bbox 1076 3669 1158 3724; x_wconf 85' lang='lat' dir='ltr'>estin</span> <span class='ocrx_word' id='word_1_347' title='bbox 1170 3687 1221 3724; x_wconf 88' lang='lat' dir='ltr'>suo</span> <span class='ocrx_word' id='word_1_348' title='bbox 1232 3688 1289 3726; x_wconf 88' lang='lat' dir='ltr'>esse</span> <span class='ocrx_word' id='word_1_349' title='bbox 1306 3691 1382 3728; x_wconf 89' lang='lat' dir='ltr'>com-</span> 
     </span>
     <span class='ocr_line' id='line_1_37' title="bbox 278 3752 1383 3832; baseline 0.004 -20"><span class='ocrx_word' id='word_1_350' title='bbox 278 3752 391 3832; x_wconf 83' lang='lat' dir='ltr'>pletum,</span> <span class='ocrx_word' id='word_1_351' title='bbox 403 3761 434 3810; x_wconf 91' lang='lat' dir='ltr'>ut</span> <span class='ocrx_word' id='word_1_352' title='bbox 452 3755 506 3810; x_wconf 88' lang='lat' dir='ltr'>alio</span> <span class='ocrx_word' id='word_1_353' title='bbox 523 3753 652 3825; x_wconf 83' lang='lat' dir='ltr'>compleri</span> <span class='ocrx_word' id='word_1_354' title='bbox 669 3771 724 3809; x_wconf 89' lang='lat' dir='ltr'>non</span> <span class='ocrx_word' id='word_1_355' title='bbox 740 3754 867 3826; x_wconf 81' lang='lat' dir='ltr'>indigeat.</span> <span class='ocrx_word' id='word_1_356' title='bbox 905 3755 999 3821; x_wconf 83' lang='lat' dir='ltr'>Quum</span> <span class='ocrx_word' id='word_1_357' title='bbox 1015 3761 1107 3810; x_wconf 85' lang='lat' dir='ltr'>autem</span> <span class='ocrx_word' id='word_1_358' title='bbox 1121 3756 1174 3810; x_wconf 86' lang='lat' dir='ltr'>hoc</span> <span class='ocrx_word' id='word_1_359' title='bbox 1191 3756 1291 3814; x_wconf 84' lang='lat' dir='ltr'>habeat</span> <span class='ocrx_word' id='word_1_360' title='bbox 1306 3778 1354 3816; x_wconf 90' lang='lat' dir='ltr'>ens</span> <span class='ocrx_word' id='word_1_361' title='bbox 1365 3779 1383 3816; x_wconf 82' lang='lat' dir='ltr'>a</span> 
     </span>
     <span class='ocr_line' id='line_1_38' title="bbox 279 3840 1247 3917; baseline -0.005 -15"><span class='ocrx_word' id='word_1_362' title='bbox 279 3865 328 3902; x_wconf 90' lang='lat' dir='ltr'>suo</span> <span class='ocrx_word' id='word_1_363' title='bbox 340 3843 545 3917; x_wconf 88' lang='lat' dir='ltr'>complemento,</span> <span class='ocrx_word' id='word_1_364' title='bbox 558 3840 685 3895; x_wconf 86' lang='lat' dir='ltr'>convenit</span> <span class='ocrx_word' id='word_1_365' title='bbox 696 3841 752 3895; x_wconf 87' lang='lat' dir='ltr'>enti</span> <span class='ocrx_word' id='word_1_366' title='bbox 764 3841 868 3896; x_wconf 79' lang='lat' dir='ltr'>ratione</span> <span class='ocrx_word' id='word_1_367' title='bbox 880 3842 1072 3915; x_wconf 88' lang='lat' dir='ltr'>complementi</span> <span class='ocrx_word' id='word_1_368' title='bbox 1084 3860 1141 3896; x_wconf 87' lang='lat' dir='ltr'>esse</span> <span class='ocrx_word' id='word_1_369' title='bbox 1153 3861 1201 3915; x_wconf 87' lang='lat' dir='ltr'>per</span> <span class='ocrx_word' id='word_1_370' title='bbox 1211 3861 1247 3898; x_wconf 92' lang='lat' dir='ltr'>se.</span> 
     </span>
    </p>

    <p class='ocr_par' dir='ltr' id='par_1_9' title="bbox 277 3927 1384 4262">
     <span class='ocr_line' id='line_1_39' title="bbox 314 3927 1384 4006; baseline 0.001 -20"><span class='ocrx_word' id='word_1_371' title='bbox 314 3931 396 3998; x_wconf 79' lang='lat' dir='ltr'>Quod</span> <span class='ocrx_word' id='word_1_372' title='bbox 406 3947 455 4002; x_wconf 89' lang='lat' dir='ltr'>per</span> <span class='ocrx_word' id='word_1_373' title='bbox 466 3947 494 3983; x_wconf 90' lang='lat' dir='ltr'>se</span> <span class='ocrx_word' id='word_1_374' title='bbox 506 3933 554 3992; x_wconf 85' lang='lat' dir='ltr'>est,</span> <span class='ocrx_word' id='word_1_375' title='bbox 563 3927 662 3982; x_wconf 81' lang='lat' dir='ltr'>dieitm</span> <span class='ocrx_word' id='word_1_376' title='bbox 673 3927 817 3998; x_wconf 81' lang='lat' dir='ltr'>aliquando</span> <span class='ocrx_word' id='word_1_377' title='bbox 829 3929 994 3998; x_wconf 61' lang='lat' dir='ltr'>suppositum</span> <span class='ocrx_word' id='word_1_378' title='bbox 1005 3928 1150 4002; x_wconf 79' lang='lat' dir='ltr'>aliquando</span> <span class='ocrx_word' id='word_1_379' title='bbox 1160 3949 1280 4001; x_wconf 71' lang='lat' dir='ltr'>peractae.</span> <span class='ocrx_word' id='word_1_380' title='bbox 1309 3931 1384 4006; x_wconf 85' lang='lat' dir='ltr'>Sup-</span> 
     </span>
     <span class='ocr_line' id='line_1_40' title="bbox 278 4013 1382 4093; baseline 0.002 -20"><span class='ocrx_word' id='word_1_381' title='bbox 278 4019 397 4093; x_wconf 88' lang='lat' dir='ltr'>positum</span> <span class='ocrx_word' id='word_1_382' title='bbox 415 4022 457 4070; x_wconf 85' lang='lat' dir='ltr'>est</span> <span class='ocrx_word' id='word_1_383' title='bbox 470 4021 572 4069; x_wconf 78' lang='lat' dir='ltr'>nataroe</span> <span class='ocrx_word' id='word_1_384' title='bbox 584 4013 692 4068; x_wconf 60' lang='lat' dir='ltr'>aream</span> <span class='ocrx_word' id='word_1_385' title='bbox 703 4014 837 4067; x_wconf 61' lang='lat' dir='ltr'>emanue</span> <span class='ocrx_word' id='word_1_386' title='bbox 848 4016 1007 4069; x_wconf 62' lang='lat' dir='ltr'>substantia:</span> <span class='ocrx_word' id='word_1_387' title='bbox 1026 4034 1141 4088; x_wconf 87' lang='lat' dir='ltr'>persona</span> <span class='ocrx_word' id='word_1_388' title='bbox 1152 4035 1216 4072; x_wconf 84' lang='lat' dir='ltr'>vero</span> <span class='ocrx_word' id='word_1_389' title='bbox 1227 4025 1269 4073; x_wconf 89' lang='lat' dir='ltr'>est</span> <span class='ocrx_word' id='word_1_390' title='bbox 1280 4025 1382 4076; x_wconf 81' lang='lat' dir='ltr'>naturoe</span> 
     </span>
     <span class='ocr_line' id='line_1_41' title="bbox 277 4100 1382 4162; baseline 0.002 -2"><span class='ocrx_word' id='word_1_391' title='bbox 277 4104 414 4160; x_wconf 75' lang='lat' dir='ltr'>mtioaola&#39;s</span> <span class='ocrx_word' id='word_1_392' title='bbox 430 4101 567 4156; x_wconf 60' lang='lat' dir='ltr'>iactatae</span> <span class='ocrx_word' id='word_1_393' title='bbox 584 4101 735 4155; x_wconf 64' lang='lat' dir='ltr'>sonantia.</span> <span class='ocrx_word' id='word_1_394' title='bbox 771 4100 879 4155; x_wconf 90' lang='lat' dir='ltr'>Nomen</span> <span class='ocrx_word' id='word_1_395' title='bbox 901 4107 992 4156; x_wconf 90' lang='lat' dir='ltr'>autem</span> <span class='ocrx_word' id='word_1_396' title='bbox 1015 4103 1174 4160; x_wconf 70' lang='lat' dir='ltr'>substantia</span> <span class='ocrx_word' id='word_1_397' title='bbox 1197 4105 1313 4160; x_wconf 87' lang='lat' dir='ltr'>sumitur</span> <span class='ocrx_word' id='word_1_398' title='bbox 1336 4107 1382 4162; x_wconf 89' lang='lat' dir='ltr'>hic</span> 
     </span>
     <span class='ocr_line' id='line_1_42' title="bbox 278 4187 1181 4262; baseline 0 -16"><span class='ocrx_word' id='word_1_399' title='bbox 278 4192 336 4246; x_wconf 85' lang='lat' dir='ltr'>sive</span> <span class='ocrx_word' id='word_1_400' title='bbox 349 4208 397 4262; x_wconf 87' lang='lat' dir='ltr'>pro</span> <span class='ocrx_word' id='word_1_401' title='bbox 409 4187 562 4242; x_wconf 87' lang='lat' dir='ltr'>substantia</span> <span class='ocrx_word' id='word_1_402' title='bbox 573 4187 698 4258; x_wconf 88' lang='lat' dir='ltr'>simplici,</span> <span class='ocrx_word' id='word_1_403' title='bbox 711 4187 768 4241; x_wconf 90' lang='lat' dir='ltr'>sive</span> <span class='ocrx_word' id='word_1_404' title='bbox 780 4205 829 4259; x_wconf 88' lang='lat' dir='ltr'>pro</span> <span class='ocrx_word' id='word_1_405' title='bbox 841 4189 990 4260; x_wconf 88' lang='lat' dir='ltr'>composito</span> <span class='ocrx_word' id='word_1_406' title='bbox 1003 4189 1181 4246; x_wconf 86' lang='lat' dir='ltr'>substantiali.</span> 
     </span>
    </p>

    <p class='ocr_par' dir='ltr' id='par_1_10' title="bbox 277 4272 1381 4437">
     <span class='ocr_line' id='line_1_43' title="bbox 313 4272 1380 4348; baseline 0.006 -18"><span class='ocrx_word' id='word_1_407' title='bbox 313 4278 432 4330; x_wconf 85' lang='lat' dir='ltr'>Persona</span> <span class='ocrx_word' id='word_1_408' title='bbox 442 4279 471 4328; x_wconf 90' lang='lat' dir='ltr'>et</span> <span class='ocrx_word' id='word_1_409' title='bbox 482 4273 651 4346; x_wconf 84' lang='lat' dir='ltr'>suppositum</span> <span class='ocrx_word' id='word_1_410' title='bbox 660 4272 786 4336; x_wconf 84' lang='lat' dir='ltr'>dicuntur</span> <span class='ocrx_word' id='word_1_411' title='bbox 794 4274 943 4329; x_wconf 76' lang='lat' dir='ltr'>mtaiatere:</span> <span class='ocrx_word' id='word_1_412' title='bbox 965 4277 1038 4348; x_wconf 90' lang='lat' dir='ltr'>quod</span> <span class='ocrx_word' id='word_1_413' title='bbox 1045 4295 1101 4331; x_wconf 93' lang='lat' dir='ltr'>non</span> <span class='ocrx_word' id='word_1_414' title='bbox 1110 4277 1380 4336; x_wconf 75' lang='lat' dir='ltr'>astconfrmdendum</span> 
     </span>
     <span class='ocr_line' id='line_1_44' title="bbox 277 4359 1381 4437; baseline 0.004 -19"><span class='ocrx_word' id='word_1_415' title='bbox 277 4382 341 4420; x_wconf 86' lang='lat' dir='ltr'>eum</span> <span class='ocrx_word' id='word_1_416' title='bbox 355 4363 467 4417; x_wconf 61' lang='lat' dir='ltr'>antero.</span> <span class='ocrx_word' id='word_1_417' title='bbox 503 4359 577 4415; x_wconf 86' lang='lat' dir='ltr'>Nam</span> <span class='ocrx_word' id='word_1_418' title='bbox 593 4361 707 4416; x_wconf 84' lang='lat' dir='ltr'>existere</span> <span class='ocrx_word' id='word_1_419' title='bbox 726 4365 768 4416; x_wconf 87' lang='lat' dir='ltr'>est</span> <span class='ocrx_word' id='word_1_420' title='bbox 785 4361 915 4432; x_wconf 90' lang='lat' dir='ltr'>omnium,</span> <span class='ocrx_word' id='word_1_421' title='bbox 928 4379 989 4434; x_wconf 88' lang='lat' dir='ltr'>quea</span> <span class='ocrx_word' id='word_1_422' title='bbox 1006 4364 1254 4437; x_wconf 86' lang='lat' dir='ltr'>quomodocumque</span> <span class='ocrx_word' id='word_1_423' title='bbox 1271 4372 1336 4422; x_wconf 72' lang='lat' dir='ltr'>aaut</span> <span class='ocrx_word' id='word_1_424' title='bbox 1350 4366 1381 4422; x_wconf 91' lang='lat' dir='ltr'>in</span> 
     </span>
    </p>
   </div>
   <div class='ocr_carea' id='block_1_5' title="bbox 0 0 1598 4982">
    <p class='ocr_par' dir='ltr' id='par_1_11' title="bbox 0 0 1598 4982">
     <span class='ocr_line' id='line_1_45' title="bbox 0 0 1598 4982; baseline 0 0"><span class='ocrx_word' id='word_1_425' title='bbox 0 0 1598 4982; x_wconf 95' lang='lat' dir='ltr'> </span> 
     </span>
    </p>
   </div>
  </div>
 </body>
</html>
