3222 4984
285 351 351 414 240
725 369 768 412 ιιι
785 365 949 412 mommo.
1232 346 1320 430 [css.
1336 366 1393 412 111.
1587 138 1593 486 i

284 555 368 598 mare
382 555 556 619 possumus,
567 533 641 618 quia
654 541 701 598 est
716 533 846 599 infinita.
875 534 954 599 Dico
968 533 1073 618 igitur,
1083 532 1186 598 Deum
1200 532 1233 596 in
1244 533 1303 598 hoc
1317 554 1392 597 casu

285 644 387 710 videre
406 645 478 709 duos
497 646 634 708 luminas
651 646 830 724 cntitcticcs,
847 667 978 730 quorum
1000 644 1147 709 distantia
1164 652 1210 708 est
1229 643 1390 722 eiusmodi,

285 765 321 820 ut
335 777 504 841 numquam
524 777 624 820 unum
639 755 679 820 ad
697 755 827 820 alterum
849 779 904 842 per
925 765 1045 821 motum
1063 756 1220 841 pervenire
1236 755 1343 842 possit,
1359 764 1392 820 et

285 878 505 954 consequenter
519 868 620 934 videre
635 869 692 933 bos
706 869 855 934 terminos
873 871 1041 934 entitcticoa
1055 877 1091 933 ut
1112 868 1229 933 nullam
1244 867 1392 933 babentes

285 965 664 1074 assignabilem'rationem
678 983 856 1046 abiectiaam
869 989 1011 1046 mutuam
1026 981 1086 1045 nisi
1100 981 1263 1046 infinitam.

328 1093 382 1158 46.
409 1095 536 1158 Obiicica
557 1096 602 1172 5⁰,
623 1115 694 1158 cum
721 1092 886 1158 Goudiuio.
930 1093 1034 1157 Lineae
1060 1093 1221 1177 angulares
1250 1091 1389 1172 infinitae,

286 1205 324 1270 de
349 1205 461 1291 quibus
484 1227 585 1290 supra,
610 1204 827 1290 interciperent
850 1204 984 1289 spatium
1009 1203 1167 1268 infinitum
1190 1213 1221 1268 et
1246 1203 1388 1268 finitum:

285 1318 344 1383 hoe
358 1328 404 1384 est
415 1317 603 1396 absurdum
625 1339 709 1402 ergo.
755 1316 845 1382 Prob.
862 1317 910 1381 M.
925 1316 1149 1402 Interciperent
1172 1316 1305 1402 spatium
1321 1317 1389 1380 infi-

285 1429 398 1509 nitum,
413 1438 449 1494 ut
463 1421 658 1494 conceditur:
681 1436 712 1492 et
728 1427 820 1493 simul
834 1428 968 1507 finitum,
979 1427 1051 1514 quia
1066 1428 1093 1492 si
1108 1426 1194 1493 nulla
1208 1427 1274 1492 dari
1288 1435 1390 1513 potest

284 1540 365 1605 linea
381 1549 559 1619 transversa,
574 1540 635 1604 nibi
649 1539 747 1620 finita,
763 1561 853 1605 omne
874 1539 1007 1624 spatium
1023 1538 1158 1604 medium
1175 1539 1232 1603 erit
1248 1539 1389 1618 finitum3

286 1652 400 1738 quippe
415 1651 497 1737 quod
511 1652 740 1716 mensurabitur
754 1651 835 1718 linea
849 1651 946 1716 finita.
992 1651 1090 1736 Atqui
1109 1650 1195 1716 nulla
1209 1651 1275 1716 dari
1289 1659 1391 1737 potest

285 1763 366 1827 linea
381 1772 551 1828 transversa
565 1763 646 1829 inter
665 1763 741 1828 duas
756 1763 927 1849 angulares,
943 1785 1014 1849 quae
1029 1785 1093 1827 non
1109 1763 1148 1846 sit
1162 1763 1259 1828 finita.
1306 1764 1390 1828 Nam

286 1875 386 1938 omnis
400 1873 481 1939 linea
496 1873 642 1938 excedens
657 1873 749 1938 aliam
759 1874 879 1938 finitam
894 1874 983 1938 finita
996 1874 1211 1959 magnitudine
1225 1881 1272 1938 est
1286 1874 1390 1940 finita:

286 1985 339 2050 sed
354 1985 454 2050 omnis
466 1987 547 2050 linea
558 1995 730 2051 transversa
744 1985 897 2071 possibilis
911 1985 993 2050 inter
1007 1985 1083 2050 duas
1098 1985 1260 2070 angulares
1274 1987 1391 2051 excedit

285 2097 506 2182 praecedentem
518 2098 638 2163 finitam
649 2097 738 2162 finita
751 2097 987 2181 magnitudine;
1010 2119 1083 2183 ergo
1098 2097 1183 2162 nulla
1197 2097 1278 2162 linea
1291 2107 1391 2163 trans·

288 2233 376 2275 versa
391 2211 471 2275 inter
484 2210 553 2275 illas
568 2210 644 2275 duas
658 2217 761 2294 potest
776 2232 842 2274 esse
856 2209 986 2274 infinita.

332 2324 514 2409 Respondeo
528 2347 556 2387 a.
574 2324 619 2386 M
617 2371 635 2402 .,
652 2321 691 2386 ad
705 2322 915 2406 probationem
924 2345 954 2386 a.
967 2323 1017 2387 M.
1033 2331 1064 2387 et
1078 2321 1144 2386 eius
1158 2323 1306 2389 rationem
1321 2346 1393 2389 cum

288 2437 456 2521 supposito.
503 2434 609 2518 Fingit
638 2433 721 2498 enim
747 2433 921 2499 Goudinius
947 2433 1080 2518 spatium
1102 2434 1260 2500 infinitum
1283 2435 1392 2501 debere

288 2547 389 2612 claudi
408 2546 510 2632 aliqua
531 2545 613 2610 linea
634 2553 825 2610 transversa:
849 2544 1014 2631 quodiam
1037 2547 1227 2612 ostendimus
1249 2571 1315 2612 esse
1335 2548 1393 2612 im-

289 2658 443 2744 possibile.
487 2657 529 2721 Et
553 2657 596 2722 sic
611 2655 805 2721 concedimus
825 2657 977 2720 minorem
1000 2665 1031 2721 et
1054 2681 1121 2742 quae
1144 2668 1324 2743 sequuntur,
1339 2682 1392 2723 ne-

290 2770 392 2854 gando
418 2769 676 2854 consequentiam.
721 2768 804 2832 Dato
830 2776 934 2832 autem
958 2768 1041 2854 quod
1066 2769 1171 2834 haberi
1196 2777 1299 2855 posset
1324 2770 1393 2836 talis

288 2879 370 2944 linea
390 2887 560 2946 transversa
582 2878 712 2958 infinita,
727 2900 791 2942 non
808 2877 986 2942 deberemus
1009 2878 1048 2942 ad
1062 2879 1147 2945 illam
1161 2880 1323 2965 procedere
1339 2904 1394 2967 per

290 2989 485 3054 additionem.
500 2991 709 3068 successivam,
725 2999 762 3054 nt
784 2989 955 3054 Goudinius
974 2989 1095 3054 videtur
1109 2990 1203 3071 velle;
1226 3014 1288 3056 non
1312 2993 1394 3057 enim

288 3103 324 3166 fit
339 3103 487 3166 transitus
503 3124 521 3166 a
534 3103 623 3165 finito
644 3101 683 3165 ad
698 3101 855 3166 infinitum
869 3123 924 3186 per
945 3101 1132 3166 'additionem
1154 3103 1323 3184 finitorum,
1340 3104 1394 3169 sed

290 3235 344 3297 per
366 3213 562 3298 negationem
584 3213 701 3278 limitis.
748 3213 834 3277 Sicut
858 3235 931 3298 ergo
953 3214 1076 3298 negatio
1097 3214 1162 3286 haec
1182 3215 1309 3300 ponitur
1329 3225 1394 3281 tota

292 3325 393 3405 simul,
417 3325 460 3388 ita
484 3324 566 3388 linea
589 3332 760 3389 transversa
789 3325 919 3405 infinita,
948 3325 973 3388 si
999 3325 1193 3391 concedenda
1215 3335 1305 3407 esset,
1328 3337 1393 3393 tota

293 3436 385 3500 simul
400 3443 574 3520 poneretur,
590 3458 654 3500 non
671 3458 726 3521 per
741 3437 924 3502 successivas
946 3437 1084 3501 locorum
1106 3436 1342 3522 designationes,
1357 3450 1393 3504 ut

238 3521 246 3536 ⁸
293 3546 472 3633 imaginatio
486 3569 610 3612 erronee
626 3547 743 3612 suadet.

336 3663 389 3727 47.
412 3660 515 3745 Atque
530 3659 577 3724 hae
593 3667 667 3726 sunt
678 3659 863 3724 obiectiones
878 3659 1000 3724 maioris
1012 3661 1170 3740 momenti,
1182 3682 1258 3745 quas
1273 3663 1394 3730 inveni:

291 3771 422 3856 reliquas
445 3771 601 3836 brevitatis
623 3794 714 3836 cansa
729 3771 879 3850 omittam,
895 3794 992 3857 quum
1015 3771 1053 3835 ad
1068 3772 1276 3856 praecedentes
1291 3775 1395 3840 reduci

291 3884 460 3963 videantur,
477 3884 509 3948 'et¹
530 3906 567 3947 ex
586 3906 678 3969 supra
700 3883 790 3948 dictis
809 3883 953 3949 facillime
978 3883 1143 3949 solvantur.
1190 3886 1250 3950 Sed
1272 3889 1396 3968 notabo,

293 3993 486 4059 difficultates
502 3993 649 4089 Goudinii
663 4002 694 4058 et
710 3994 742 4059 S.
759 3994 884 4059 Thomae
902 3995 1063 4080 procedere
1079 4005 1185 4060 contra
1204 3996 1316 4062 molem
1330 4021 1397 4063 cor·

290 4107 373 4192 poris
398 4107 524 4190 undique
546 4107 699 4171 infinitam
711 4132 720 4186 3
744 4129 812 4193 quae
834 4115 1004 4192 propterea,
1031 4107 1150 4172 etiamsi
1173 4131 1236 4173 non
1265 4108 1396 4177 fuissent

291 4217 475 4282 sufficienter
504 4217 620 4297 solutae,
649 4240 713 4282 non
743 4217 877 4283 valerent
907 4229 1012 4284 contra
1039 4219 1148 4284 molem
1173 4223 1398 4290 contradictorie

291 4328 454 4409 infinitam,
477 4351 505 4393 v.
522 4351 569 4413 gr.
586 4339 692 4394 eontra
712 4330 884 4416 cylindrum
907 4331 1036 4396 infinitae
1058 4330 1271 4416 longitudinis.
1316 4335 1397 4400 Puto
