3240 4986
299 338 343 402 94
759 355 803 398 nn
821 353 952 399 nunno.
1275 333 1361 418 [111.
1376 353 1401 398 1.

298 549 388 592 suum
410 524 598 590 Absolutum
620 546 684 590 non
698 546 764 590 esse
784 525 959 610 explicitum
978 525 1044 608 (seu
1058 523 1223 588 formaliter
1245 523 1317 608 tale)
1334 524 1400 589 sine

258 679 261 684 ·
298 640 360 706 illis
379 638 633 726 apparitionibus,
649 647 680 704 et
703 638 784 704 dicat
805 639 861 703 bas
883 639 964 722 ipsas
983 637 1187 724 apparitiones
1208 639 1403 722 easesonnaa

298 752 506 817 constituentes
520 751 707 831 Absolutum,
722 758 753 815 et
773 771 889 831 omnes,
905 749 1101 836 quantumvis
1120 749 1280 815 videantur
1293 761 1325 816 et
1340 751 1403 815 sint

299 861 456 948 opposita,
480 883 546 928 esse
571 863 794 948 expressionem
821 863 914 927 nnius
937 862 981 926 rei
1006 861 1145 926 identioae
1170 861 1203 926 in
1226 885 1287 948 qua
1310 863 1403 928 etiam

299 972 530 1039 identificantur
546 974 597 1058 (V.
607 974 794 1053 Tenneman,
812 972 949 1038 Manual.
962 981 1041 1059 part.
1053 975 1085 1037 2.
1098 975 1115 1060 q
1126 975 1216 1057 399).
1257 974 1405 1039 Similiter

299 1085 434 1166 Absens,
448 1107 546 1171 quum
564 1083 652 1150 dooet
665 1107 713 1149 rea
726 1085 887 1150 mandanae
900 1107 960 1148 eoa
973 1107 1034 1149 ease
1048 1086 1107 1149 aiei
1120 1086 1297 1150 Divinitotia
1309 1087 1402 1150 neuui-

293 1197 471 1280 seatationea
493 1199 650 1282 appositas,
667 1219 791 1281 quarum
804 1199 904 1261 unitas
922 1206 952 1260 et
966 1197 1105 1262 identitas
1126 1205 1170 1261 est
1184 1199 1246 1282 ipae
1259 1199 1351 1277 Deuca,
1372 1205 1403 1262 et

300 1331 397 1393 quum
420 1309 472 1389 ait,
488 1311 673 1374 subtantiam
694 1331 792 1374 reram
809 1331 868 1372 noa
888 1330 949 1372 ease
968 1310 1027 1373 aiei
1048 1311 1202 1373 essentiam
1220 1331 1319 1373 eoram
1337 1333 1403 1374 eao-

300 1419 448 1498 11111111
469 1421 533 1484 ideo
556 1441 615 1484 ooo
633 1442 722 1504 posse
742 1421 884 1504 distinqui
905 1421 1059 1484 essentiam
1082 1421 1182 1485 mandi
1203 1423 1240 1484 ab
1261 1423 1403 1485 11111111-

299 1531 417 1609 steotio,
433 1533 478 1594 ita
497 1538 531 1594 at
548 1539 680 1614 ponetur
694 1533 819 1594 essentia
839 1531 939 1594 maadi
956 1532 988 1594 io
1003 1531 1069 1594 Deo
1090 1539 1119 1595 et
1133 1533 1289 1596 existentia
1304 1533 1405 1597 mundi

301 1647 388 1704 satra
403 1642 509 1719 Deum,
525 1662 589 1704 non
603 1640 724 1705 videtur
746 1640 805 1705 alio
820 1641 912 1705 modo
931 1640 1113 1720 ratiocinari,
1129 1662 1221 1725 quam
1243 1642 1296 1726 qui
1311 1641 1402 1722 dicat,

300 1751 479 1817 omnisloea
492 1753 657 1838 corporalia
668 1775 730 1817 non
742 1775 807 1818 esse
821 1751 881 1818 nisi
893 1753 983 1838 spatii
997 1751 1129 1818 absoluti
1144 1753 1403 1819 manifestationes

301 1863 467 1950 oppositas,
479 1883 608 1948 quarum
618 1864 721 1929 unitas
736 1872 767 1928 et
782 1863 927 1930 identitas
939 1864 1079 1948 (sublatis
1090 1885 1201 1949 nempe
1210 1865 1401 1950 differentiis)

301 1975 469 2041 constituat
494 1975 629 2060 spatium
651 1975 845 2055 absolutum3
867 1985 899 2040 et
921 1975 1050 2041 actualia
1072 1976 1138 2041 loca
1161 1976 1193 2040 in
1219 1977 1317 2062 spatio
1339 2000 1403 2042 non

303 2109 369 2152 esse
386 2087 446 2151 nisi
461 2109 567 2152 eorum
589 2087 821 2172 possibilitatem
842 2088 1013 2176 evolutam=
1036 2097 1068 2152 11
1081 2087 1151 2152 ideo
1171 2110 1235 2152 non
1250 2111 1338 2173 posse
1358 2089 1404 2154 di·

302 2199 419 2285 stingui
441 2199 658 2286 possibilitates
673 2200 809 2265 locorum
825 2199 863 2264 ab
884 2198 959 2284 ipsis
972 2199 1047 2264 loois
1062 2198 1231 2266 actualibus
1250 2200 1284 2265 in
1298 2201 1405 2266 ordine

302 2308 341 2375 ad
363 2309 538 2394 ponendam
561 2310 795 2396 possibilitatem
809 2309 869 2375 loai
890 2311 924 2374 in
939 2310 1038 2397 spatio
1059 2309 1210 2390 absoluto,
1225 2319 1256 2376 et
1278 2312 1404 2377 actuali·

301 2428 396 2485 tatem
411 2421 476 2486 eius
491 2429 575 2486 extra
589 2422 723 2507 spatium
737 2421 923 2486 absolutum.

345 2531 386 2596 In
399 2531 458 2596 boo
472 2540 575 2597 autem
586 2541 690 2617 peeoat
701 2534 759 2597 iste
769 2533 915 2618 loquendi
926 2532 1046 2612 modus,
1058 2540 1111 2597 aut
1122 2531 1199 2597 alius
1210 2534 1403 2619 aequivalens,

301 2644 385 2728 quod
404 2643 542 2709 videatur
561 2645 635 2728 poni
655 2645 788 2730 spatium
809 2645 985 2710 absolutum
1005 2653 1163 2731 tamquam
1180 2647 1318 2730 potentia
1336 2669 1402 2710 om-

301 2756 390 2820 nium
410 2755 546 2821 locorum
569 2758 720 2841 receptiva
744 2758 838 2842 (quod
859 2757 972 2821 falsum
994 2758 1065 2840 est),
1080 2766 1111 2821 et
1133 2756 1216 2842 quod
1233 2779 1296 2822 non
1311 2757 1402 2822 relin-

301 2875 415 2952 quatur
434 2867 482 2932 via
501 2868 540 2932 ad
558 2867 719 2932 videndam
742 2868 837 2932 ullam
859 2869 1027 2932 realitatem
1049 2868 1082 2932 in
1103 2868 1211 2952 spatio,
1232 2869 1291 2934 hoe
1313 2869 1404 2934 modo

301 2977 445 3061 cogitato,
463 2986 573 3063 prater
592 2979 796 3064 quantitatem
815 3001 918 3044 rerum
936 2979 968 3042 in
990 2979 1089 3064 spatio
1107 2980 1286 3064 positarum,
1306 2981 1350 3044 ita
1369 2989 1404 3044 ut

301 3097 367 3153 tota
385 3089 499 3154 entitas
520 3090 610 3174 spatii
633 3090 672 3154 sit
690 3091 846 3175 quantitas
865 3091 910 3155 rei
929 3091 1124 3176 occupantis:
1155 3091 1213 3156 hoo
1232 3101 1336 3157 autem
1357 3101 1404 3157 est

191 3263 196 3271 ,
302 3199 401 3264 dicere
423 3200 507 3285 quod
528 3200 703 3265 absolutum
725 3224 789 3266 non
810 3210 857 3266 est
879 3202 996 3286 aliquid
1017 3202 1097 3267 reale
1118 3203 1178 3267 nisi
1195 3226 1251 3288 per
1267 3204 1402 3271 relativa.

303 3309 387 3374 Hine
407 3310 460 3396 qui
480 3310 523 3376 sio
545 3311 715 3397 loquuntur
734 3312 773 3376 de
787 3312 895 3397 spatie,
912 3313 1069 3379 deducunt
1089 3323 1125 3378 ut
1142 3315 1402 3401 consequentiam,

300 3421 334 3486 in
349 3422 455 3487 eodem
472 3423 570 3508 spatio
588 3425 774 3508 (imapioorio
789 3425 874 3489 111111
887 3425 983 3509 ipsos)
999 3426 1121 3490 infinito
1136 3435 1166 3491 et
1181 3426 1322 3492 absoluto
1336 3407 1402 3494 esse

300 3551 369 3600 tum
384 3535 600 3621 possibilitates
614 3536 760 3616 locorum,
775 3546 842 3602 tum
862 3539 1066 3603 actualitatem
1086 3540 1274 3620 eorumdem,
1289 3550 1320 3606 et
1337 3541 1403 3607 looa

300 3670 364 3712 non
378 3670 443 3712 esse
457 3647 517 3712 nisi
536 3648 637 3732 ipsum
658 3648 792 3732 spatium
811 3649 868 3713 sub
892 3649 1018 3714 diversis
1037 3651 1142 3714 formis
1164 3651 1400 3719 determinatum

302 3767 334 3824 et
348 3759 536 3834 realisatum,
550 3769 581 3825 et
596 3782 659 3825 non
673 3759 778 3824 haberi
801 3759 834 3824 in
856 3761 954 3844 spatio
976 3760 1065 3825 uliam
1086 3763 1319 3829 determinatam
1338 3787 1402 3830 rea·

301 3872 428 3952 litatem,
452 3894 544 3957 quarn
564 3893 633 3958 quae
650 3870 778 3937 resultat
796 3894 832 3936 ex
846 3872 982 3937 locorum
1002 3859 1316 3943 determinationibus.
1360 3878 1402 3942 nt

300 3983 393 4049 simili
410 3983 502 4048 modo
522 3983 742 4049 ratiocinantur
762 4005 884 4069 quoque
905 3986 1087 4069 pantheistae
1097 4013 1106 4065 3
1134 3986 1290 4052 deducunt
1308 3989 1400 4069 enim,

299 4095 391 4160 etiam
406 4095 439 4158 in
454 4095 558 4161 eodem
574 4103 645 4160 ente
659 4094 802 4160 absoluto
816 4105 846 4160 et
861 4095 982 4160 infinito
997 4119 1063 4162 esse
1081 4106 1147 4162 tum
1167 4099 1399 4182 possibilitatem

299 4229 353 4271 seu
370 4206 533 4271 essentiam
554 4229 665 4286 rerum,
682 4214 750 4270 tum
772 4207 948 4272 earumdem
969 4207 1171 4288 existentiam,
1187 4219 1217 4274 et
1239 4211 1323 4276 111111
1337 4234 1399 4276 non

204 4383 211 4396 ,
297 4340 361 4383 esse
387 4318 447 4381 nisi
471 4319 573 4402 ipsum
597 4341 652 4384 ens
674 4319 830 4384 infinitum
857 4319 914 4383 sub
940 4319 1065 4384 diversis
1092 4321 1397 4389 determinationibus
