3222 4984
252 396 326 441 cnr.
342 377 397 462 11.]
564 397 606 438 nn
622 395 764 439 acrronn
780 395 839 438 ner
856 395 894 438 ru
911 395 1042 439 unaco.
1289 368 1351 443 165

251 564 432 629 vertentiem
456 585 553 648 quum
578 563 674 647 possit
692 561 774 643 elidi,
794 586 820 627 e.
843 565 912 626 mira.
923 587 933 640 ς
963 561 1049 626 Deus
1065 559 1205 645 applicat
1229 577 1352 623 causam

251 675 353 741 dando
368 673 485 761 aliquid
498 674 570 738 novi
584 673 644 759 ipsi
657 673 766 738 virtuti
780 675 884 738 activae
898 673 1071 737 intellectus
1086 679 1117 736 et
1131 667 1298 736 voluntatis
1315 673 1351 730 ut

251 809 288 852 ex
302 798 374 852 actu
387 786 487 872 primo
502 785 540 850 ad
556 784 725 850 secundum
739 785 965 850 transferantur
979 808 1008 848 n.
1023 786 1093 848 mira.
1109 791 1139 848 et
1153 803 1230 846 coras.
1276 779 1351 842 Bre-

250 898 318 963 vius
343 907 448 963 tamen
467 897 643 983 responderi
669 904 771 980 potest
794 920 824 960 a.
840 897 889 960 Μ.
935 896 1017 960 Nam
1041 894 1162 982 proprie
1179 914 1271 958 causa
1289 910 1352 954 non

251 1010 449 1095 coniungitur
462 1031 533 1074 cum
550 1031 605 1074 suc
620 1009 731 1074 effectu
745 1018 776 1074 ct
790 1031 854 1073 non
866 1008 1036 1094 applicatur
1047 1007 1086 1072 ad
1098 1029 1189 1070 suum
1199 1003 1352 1080 effectum,

252 1121 312 1186 nisi
331 1145 387 1208 per
408 1121 590 1206 positionem
607 1121 732 1185 termini
747 1121 906 1186 actuabilis
920 1121 1002 1185 intra
1017 1119 1166 1204 sphaeram
1181 1114 1353 1192 activitatis,

209 1223 213 1230 ¹
251 1241 287 1298 ut
311 1256 403 1319 supra
427 1233 612 1299 declaratum
636 1241 703 1298 est:
727 1233 780 1298 red
805 1255 918 1318 ponere
942 1231 1108 1296 terminum
1126 1237 1255 1294 nonest
1275 1249 1351 1312 prae-

251 1367 390 1424 movere3
412 1367 506 1429 erga·

294 1454 346 1520 Ad
363 1456 573 1541 probationem
593 1479 623 1520 rr.
636 1465 709 1536 unt,
724 1457 797 1540 quia
806 1455 957 1541 applicare
972 1454 1117 1520 virtutem
1133 1452 1261 1518 activam
1275 1473 1352 1537 prae-

251 1567 401 1632 movendo
415 1567 498 1632 illam
514 1576 561 1632 est
576 1567 651 1652 quid
666 1567 944 1632 contradictorium.
988 1566 1039 1631 Ad
1053 1567 1202 1632 rationem
1216 1562 1352 1629 additam

216 1695 218 1699 ’
252 1678 425 1760 dicendum,
443 1678 521 1743 nihil
543 1701 608 1743 esse
627 1678 806 1764 ponendum
829 1679 863 1742 in
880 1680 994 1744 virtute
1016 1679 1112 1743 activa
1134 1699 1241 1756 causae,
1260 1682 1295 1738 ut
1317 1696 1353 1738 ex

251 1812 314 1854 non
330 1798 474 1876 operante
487 1790 541 1854 fiat
554 1792 695 1874 operans,
710 1789 764 1854 sed
784 1790 883 1855 solum
902 1790 1081 1875 ponendum
1103 1812 1168 1854 esse
1187 1787 1354 1852 terminum

251 1925 287 1966 ea
319 1900 512 1967 actuabilem.
555 1900 689 1966 Advorte
725 1902 827 1978 etiam,
858 1900 1046 1967 Goudinium
1082 1901 1133 1965 hie
1169 1897 1354 1964 confundere

253 2037 375 2078 causam
390 2035 461 2078 cum
475 2012 540 2076 eius
556 2012 668 2077 virtute
683 2012 789 2078 activa.
835 2011 935 2076 Causa
949 2021 996 2076 est
1011 2035 1067 2077 cns
1081 2019 1223 2076 constans
1238 2017 1309 2074 actu
1324 2017 1361 2080 et,

251 2125 407 2210 potentia:
430 2134 461 2188 et
483 2133 575 2209 prout
597 2131 644 2189 est
666 2125 699 2187 in
721 2124 859 2209 potentia
879 2133 980 2209 potest
1002 2125 1134 2208 recipere
1157 2129 1285 2200 motum,
1301 2119 1356 2183 sed

253 2236 420 2301 secundum
436 2235 520 2321 quod
539 2243 586 2299 est
608 2243 680 2299 actu
705 2235 777 2321 (quo
800 2234 891 2300 modo
913 2243 960 2300 est
982 2236 1090 2320 activa)
1115 2233 1231 2299 nullius
1253 2238 1355 2295 motus

254 2357 301 2412 est
316 2371 419 2434 capax.
445 2404 447 2408 .

294 2462 348 2524 23.
372 2459 489 2536 Quarto
514 2459 578 2524 ait:
609 2460 839 2524 Iusta-ramentum
864 2482 922 2522 uon
950 2460 1073 2543 uttiepit
1102 2460 1236 2543 effectum
1261 2477 1354 2522 rause

244 2572 432 2657 pricmpalis,
446 2573 506 2636 nisi
521 2572 609 2654 prius
624 2573 660 2635 ab
675 2572 729 2635 illa
743 2580 893 2636 moveatur
905 2599 915 2635 :
938 2571 991 2636 aed
1004 2579 1153 2654 creature,
1169 2571 1235 2634 dum
1251 2577 1353 2655 epact,

250 2686 402 2769 attinpurat
416 2685 550 2768 effectum
558 2685 715 2767 proprium
725 2669 814 2760 Deo,·
837 2706 906 2768 epo
922 2683 1025 2746 debent
1039 2684 1146 2746 nwveri
1161 2683 1197 2745 ab
1208 2704 1241 2746 eo
1249 2683 1351 2764 prius·

251 2820 339 2882 quom
353 2803 453 2880 oqoat.
498 2795 604 2858 Minor
611 2795 769 2879 probatur.
813 2796 906 2860 Ratio
922 2797 997 2859 entis
1016 2803 1060 2859 est
1079 2796 1198 2879 effectus
1211 2795 1353 2878 proprius

251 2911 312 2974 Dei
324 2937 334 2971 .·
357 2908 410 2972 sed
429 2908 522 2971 omnia
536 2916 682 2986 creatura,
698 2909 766 2972 dam
780 2909 854 2992 opit,
870 2909 993 2992 attiapit
1006 2909 1149 2970 rationem
1163 2907 1264 2984 eratin
1285 2927 1353 2989 erpo

250 3022 373 3105 attiapit
387 3021 521 3104 effectum
529 3022 686 3104 preprium
700 3021 770 3084 Dei.
1154 3013 1155 3017 ¹

292 3129 539 3215 Respondebitur
561 3138 653 3195 tana.
669 3131 719 3194 M.
740 3153 771 3194 a.
786 3131 868 3208 mia,
884 3129 955 3214 quia
976 3128 1159 3208 reticentis,
1174 3149 1243 3213 quae
1258 3125 1351 3191 attin·

251 3239 337 3326 gitur
355 3264 373 3306 a
392 3264 483 3306 causa
500 3250 600 3306 creata
619 3241 694 3306 dum
714 3241 856 3326 producit
874 3264 965 3306 suum
987 3241 1139 3321 effectum,
1155 3248 1201 3304 est
1221 3240 1253 3303 in
1270 3239 1352 3303 linea

251 3353 331 3418 entis
360 3352 564 3434 accidentalis,
592 3353 675 3439 quod
701 3353 871 3418 virtualiter
895 3353 1070 3417 continetur
1092 3353 1125 3416 in
1148 3351 1215 3437 ipsa
1240 3351 1353 3415 vimute

249 3473 335 3528 actus
357 3463 579 3544 substantialis,
595 3472 687 3548 prout
711 3464 820 3528 divinae
843 3463 1058 3529 sustentationi
1081 3462 1185 3527 subest
1203 3463 1235 3526 in
1253 3484 1289 3526 eo
1304 3461 1351 3524 in-

251 3575 345 3640 stanti
359 3575 392 3640 in
406 3598 468 3661 quo
481 3575 666 3640 terminatur
685 3575 725 3640 ad
743 3581 833 3640 suuni
852 3574 1028 3640 terminum.
1073 3573 1125 3638 Ad
1141 3573 1351 3658 probationem

250 3685 460 3770 respondetur,
472 3693 527 3748 ens
541 3692 700 3749 causatum
715 3707 733 3748 a
747 3684 813 3748 solo
823 3684 890 3754 Deo
905 3707 970 3748 esse
985 3683 1187 3748 substantiam
1198 3689 1208 3748 'z
1232 3681 1286 3746 sed
1296 3704 1350 3746 ens

250 3794 433 3860 accidentale
448 3817 512 3859 esse
526 3794 669 3860 effectum
683 3815 877 3858 communem
889 3794 957 3858 Deo
971 3803 1002 3858 et
1017 3801 1171 3879 creaturae,
1183 3801 1214 3856 et
1228 3791 1350 3876 praeeise

249 3905 514 3992 proportionatum
537 3906 644 3970 virtuti
667 3914 775 3970 creatae
797 3904 896 3970 aDeo
919 3913 990 3970 actu
1013 3911 1191 3969 sustentatae
1214 3903 1288 3967 dum
1311 3903 1350 3967 ab

250 4025 321 4082 actu
331 4016 431 4100 primo
442 4017 482 4080 ad
493 4016 662 4081 secundum
674 4016 794 4083 transit.
828 4014 1060 4080 'transmittitur
1071 4014 1175 4094 maior,
1188 4037 1227 4078 ne
1237 4014 1349 4079 iterum

251 4127 392 4192 dicantur
406 4149 474 4213 quae
488 4129 549 4190 iarn
564 4128 703 4212 superius
721 4129 764 4212 (n.
782 4129 823 4192 13
839 4137 869 4191 et
884 4129 938 4212 21)
957 4126 1030 4192 satis
1044 4147 1185 4213 expressa
1199 4133 1283 4191 sunt.

282 4241 347 4326 ⁵24.
372 4237 490 4315 Quinto
501 4237 544 4303 sic
555 4246 800 4324 argumentatur:
815 4239 1350 4322 Deuscausutipsomrooperatioraem

249 4373 344 4418 cause
356 4351 506 4416 secunde:
529 4351 582 4422 aad
592 4373 650 4415 noa
657 4359 758 4436 potest
773 4373 836 4416 eam
850 4372 971 4416 roacare
982 4371 1039 4435 per
1057 4373 1228 4420 contusum
1248 4351 1353 4414 simul„
