3222 4984
268 355 332 420 164
578 371 620 420 os
636 371 781 418 ιιιιοιιι
798 372 856 416 ιιι
873 371 912 416 ιι
929 370 1059 416 ιιιιιιιο.
1229 347 1315 433 [ιιι.
1332 367 1376 412 ιι.

270 543 348 608 solet
371 542 410 608 dc
431 539 539 620 forma,
561 561 641 626 quae,
658 547 695 604 ιιι
714 539 747 604 in
770 537 864 627 priori
886 536 926 604 ad
950 535 1176 604 informandam
1202 534 1373 613 materiam,

270 651 439 738 concipitur
450 658 605 735 tamquam
618 671 673 715 ens
684 650 903 735 incompletum
915 658 945 714 et
957 658 1043 714 actus
1054 648 1192 735 primus:
1214 668 1278 710 non
1289 643 1373 730 quod

269 762 316 828 illi
337 761 416 826 desit
438 761 540 847 aliqua
561 761 726 827 intrinseca
748 761 908 827 actualitas
928 759 1125 843 informandi,
1140 757 1194 823 sed
1216 757 1288 843 quia
1302 763 1373 822 actu

271 873 442 960 concipitur
452 881 488 938 ut
499 895 604 939 carens
615 873 746 938 termino
758 872 961 938 informando.
993 874 1097 958 Atque
1111 870 1193 936 idem
1209 869 1372 935 dicendum

271 987 307 1051 dc
321 986 474 1067 color-ibus,
490 989 542 1071 qui
554 995 624 1052 aaut
635 988 667 1050 ιιι
677 992 744 1052 a'e'rc
752 1012 762 1064 ;
784 1008 853 1070 quae
868 984 1036 1050 similitudo
1050 984 1167 1070 optima
1180 991 1237 1064 est,
1252 990 1283 1047 et
1298 981 1374 1045 mire

273 1097 402 1182 explicat
416 1097 500 1183 quod
514 1096 665 1162 volumus.
711 1096 745 1161 Si
759 1096 842 1161 enim
857 1096 933 1163 radii
949 1097 1021 1162 solis
1035 1097 1167 1161 existant
1180 1094 1235 1160 ubi
1252 1093 1373 1158 nullum

273 1218 320 1274 est
346 1231 456 1295 corpus
482 1208 693 1288 illuminabile,
720 1209 859 1294 quamvis
884 1209 944 1295 ipsi
968 1209 1101 1274 habeant
1128 1230 1214 1272 suam
1234 1206 1374 1271 ultimam

274 1320 478 1386 actualitatem
494 1329 531 1386 ut
546 1322 661 1405 aliquid
672 1329 769 1387 ratum
784 1331 814 1387 ct
821 1321 919 1407 ficum
933 1324 965 1386 iu
978 1330 1096 1400 actura,
1112 1320 1258 1386 dicuntur
1271 1328 1375 1383 ιιιιιιιι

274 1455 339 1498 ιιιι
361 1432 394 1496 in
417 1441 488 1498 actu
509 1431 609 1518 primo
630 1431 671 1497 ad
692 1432 950 1498 illuminandum:
973 1441 1009 1498 ut
1031 1440 1135 1496 autem
1156 1431 1233 1495 fiant
1250 1429 1283 1493 in
1305 1435 1376 1492 actu

265 1543 419 1624 secundo,
434 1544 467 1609 id
489 1545 590 1608 estin
612 1543 764 1629 completo
785 1567 851 1610 esse
873 1545 992 1626 coloris,
1005 1543 1172 1630 requiritur
1192 1549 1325 1620 tantum,
1340 1548 1376 1604 ut

274 1656 328 1720 ubi
352 1662 426 1720 sunt
450 1655 537 1735 radii,
561 1653 605 1719 ibi
628 1664 761 1741 ponatur
785 1677 896 1740 corpus
922 1656 1108 1742 receptivum
1132 1652 1375 1718 illuminationis.

275 1767 379 1832 Posito
390 1766 472 1831 enim
487 1787 612 1852 corpore
626 1766 791 1852 recipiente
804 1766 915 1847 radios,
928 1767 1032 1834 statim
1048 1765 1180 1832 habetur
1193 1763 1376 1830 illuminatio

276 1878 308 1943 in
329 1887 399 1943 actu
420 1877 563 1958 secundo,
581 1877 658 1963 quin
681 1877 796 1964 aliquid
816 1878 948 1944 addatur
961 1879 1068 1943 virtuti
1084 1878 1249 1958 radiorum,
1265 1876 1319 1962 qui
1339 1876 1377 1940 de

278 2012 310 2054 se
336 1997 410 2053 sunt
433 1988 614 2055 naturaliter
636 1997 667 2053 et
691 1990 828 2075 proxime
852 1990 950 2076 parati
976 1990 1015 2056 ad
1040 1990 1287 2055 illuminandum.
1332 1989 1379 2054 Ex

276 2099 390 2186 quibus
410 2100 581 2180 inferimus,
596 2100 698 2165 locum
714 2101 747 2166 S.
763 2101 888 2167 'l'lromae
907 2125 925 2166 a
941 2102 1094 2168 Goudinio
1112 2101 1263 2167 obiectum
1281 2109 1378 2166 retor-

277 2212 363 2298 queri
378 2210 499 2277 anobis
514 2235 602 2298 posse
617 2226 724 2278 contra
737 2213 851 2299 ipsum.

320 2325 374 2389 22.
397 2323 499 2388 Tertio
521 2323 624 2409 arguit
646 2324 707 2389 sic:
734 2326 821 2398 Quod
842 2327 992 2410 ιιιιιιιριι
1013 2334 1043 2391 ιι
1064 2326 1193 2410 applicat
1210 2347 1328 2390 coucam
1342 2324 1383 2387 ad

278 2436 423 2519 effectum,
432 2443 591 2519 promovet
605 2435 696 2500 illam.
743 2437 806 2502 Sed
817 2440 900 2502 Deus
914 2439 1064 2522 couiunpit
1077 2445 1107 2502 ct
1121 2438 1250 2522 applicat
1264 2457 1381 2501 causam

279 2546 321 2609 ad
331 2568 415 2610 cuum
429 2547 572 2630 effectum.
610 2525 869 2632 Erpopraemooct.
906 2549 998 2613 Prob.
1011 2549 1095 2613 Mai.
1133 2549 1292 2612 Pramotio
1306 2546 1384 2610 nihil

280 2657 364 2722 aliud
376 2666 420 2722 est
434 2659 492 2722 uisi
508 2658 667 2742 applicatio
685 2681 777 2723 cauete
798 2660 928 2724 secunda
949 2660 990 2724 ud
1008 2683 1092 2724 eumn
1114 2661 1266 2744 effectum:
1289 2681 1382 2742 aeque

242 2821 253 2840 .
280 2771 356 2832 enim
376 2770 418 2833 ad
429 2769 462 2832 id
473 2771 582 2852 sufficit
595 2792 752 2835 concursus
765 2772 966 2852 simultaucua,
982 2775 1034 2856 qui
1047 2772 1124 2836 nihil
1131 2774 1218 2858 pouit
1235 2772 1268 2835 ιιι
1282 2793 1382 2851 omma,

274 2903 333 2965 per
347 2880 428 2964 qaod
438 2902 475 2943 ιι
489 2903 547 2944 aaa
561 2889 699 2964 operante
706 2880 768 2964 fiat
782 2904 916 2966 opacae.

325 2990 573 3076 Respondebitur
595 2992 665 3056 dist.
680 2993 729 3056 M.
753 2993 837 3078 quod
858 2993 1019 3078 coniungit
1041 3001 1072 3059 et
1093 2993 1226 3079 applicat
1248 2993 1383 3058 motione

282 3101 461 3167 accidentali
470 3126 493 3167 c.
507 3103 549 3165 M
548 3151 567 3182 .,
576 3102 660 3187 quod
670 3103 828 3188 coniungit
840 3113 870 3171 et
884 3105 1016 3191 applicat
1028 3105 1129 3171 dando
1137 3105 1230 3170 talem
1240 3114 1383 3170 naturam

282 3223 313 3280 et
327 3215 471 3299 ponendo
486 3215 651 3279 terminum
667 3217 852 3302 receptivum
868 3218 996 3283 actionis
1010 3241 1040 3283 ιι.
1057 3219 1107 3281 M.
1144 3219 1226 3282 Dist.
1241 3219 1312 3281 mia.
1341 3217 1383 3281 Et

282 3325 382 3411 primo
403 3326 429 3390 ιι
449 3333 558 3411 agatur
580 3327 618 3391 de
636 3350 727 3392 causa
747 3328 880 3394 naturali
897 3337 929 3396 et
946 3330 1123 3410 necessaria,
1144 3328 1231 3395 Deus
1252 3328 1384 3415 applicat

282 3460 416 3517 causam,
432 3459 500 3522 quae
514 3445 561 3502 ιιι
576 3437 748 3503 substantia
762 3439 937 3523 materialis,
954 3440 1055 3506 dando
1068 3449 1212 3506 naturam
1227 3441 1270 3505 sic
1285 3441 1384 3505 deter-

283 3550 431 3616 minatam
454 3548 494 3614 ad
515 3551 669 3634 agendum
692 3560 722 3615 et
744 3551 887 3637 ponendo
909 3553 1057 3618 terminos
1074 3552 1202 3618 actionis
1219 3552 1385 3637 receptivos

284 3686 310 3727 c.
326 3664 407 3741 min,
421 3644 625 3746 imprimendo
647 3662 694 3726 illi
716 3662 832 3748 aliquid
854 3687 915 3750 quo
935 3664 1033 3730 virtus
1055 3663 1254 3749 compleatur,
1272 3672 1326 3728 aut
1348 3685 1384 3728 ex

285 3774 388 3860 quiete
412 3773 450 3838 ad
475 3773 658 3838 activitatem
683 3782 818 3838 transeat
841 3798 872 3840 ιι.
897 3777 968 3841 min.
1014 3775 1156 3840 Secundo
1173 3774 1199 3839 si
1216 3783 1326 3860 agatur
1348 3774 1386 3838 de

285 3909 376 3952 causa
397 3885 581 3951 intellectiva
600 3894 632 3950 et
649 3885 752 3965 libera,
763 3885 853 3976 ¹Deus
873 3886 1005 3973 applicat
1024 3908 1157 3966 causam,
1172 3909 1227 3951 seu
1241 3885 1385 3952 virtutem

285 3999 415 4064 activam
437 3997 611 4062 intellectus
633 4005 664 4062 ιι
679 3997 855 4078 voluntatis,
872 3997 1079 4084 concurrendo
1095 3997 1134 4062 ad
1155 3996 1387 4083 impressionem

286 4109 397 4196 speciei
411 4108 450 4174 ab
464 4108 581 4174 obiecto
595 4108 755 4204 factamlin
770 4110 944 4194 passivitate
959 4108 1152 4188 intellectiva,
1167 4109 1252 4174 etad
1267 4116 1385 4173 motum

285 4220 485 4286 resultantem
514 4221 547 4284 in
573 4219 748 4305 passivitate
773 4220 921 4301 affectiva,
939 4220 994 4306 qui
1017 4229 1064 4286 est
1089 4229 1192 4285 motus
1214 4218 1333 4306 primus
1356 4226 1387 4283 et

286 4339 472 4416 spontaneus
493 4331 653 4416 acquirens
675 4331 824 4396 rationem
846 4330 934 4396 liberi
957 4331 982 4396 si
1005 4330 1093 4396 duret
1111 4340 1181 4417 post
1203 4331 1315 4397 factam
1333 4330 1386 4396 ad-
