3240 4986
248 325 312 389 138
706 345 749 389 os
766 343 897 390 uusoo.
1191 321 1277 407 [ear.
1294 339 1349 383 111.

246 507 410 585 Quomodo
420 507 514 590 enim,
525 508 638 594 inquit,
650 508 737 576 Deus
747 508 868 573 infinite
880 506 1009 593 Sapiens
1023 507 1107 592 leges
1122 527 1193 570 sues
1201 503 1348 571 violabit?

244 619 296 684 An
312 620 449 686 dicemus
463 642 540 705 opus
553 620 614 686 Dei
628 620 689 686 tale
703 643 779 701 esse,
794 628 832 685 ut
845 619 1014 685 identidem
1036 617 1221 684 correctione
1235 615 1348 700 egeat?

245 731 297 794 An
307 729 415 816 nequit
425 730 512 795 Deus
525 752 581 817 per
591 730 759 796 ordinems
773 753 805 796 se
817 729 987 796 stabilitum
998 728 1136 794 obtinere
1150 725 1234 812 quod
1242 725 1348 804 voluit,

246 838 282 907 ut
304 841 490 908 contrarium
507 842 647 908 ordinem
667 841 832 930 aliquando
846 841 923 908 velle
943 840 1077 906 debeat?
1120 837 1247 904 Accedit
1266 837 1349 922 quod

244 952 331 1018 Deus
346 952 535 1018 voluntatem
550 961 702 1020 mutaret:
725 953 809 1039 quod
823 961 871 1018 est
884 951 1082 1038 impossibile.

290 1064 366 1130 Hace
380 1064 483 1130 omnia
496 1064 598 1130 futilia
618 1073 701 1130 sunt.
745 1059 832 1130 Deus
846 1064 964 1130 nullam
979 1065 1080 1149 legem
1094 1063 1242 1130 violatia
1256 1061 1348 1126 mira-

245 1175 322 1241 culis
348 1175 516 1262 patrandis,
534 1175 606 1262 quis
631 1175 731 1260 prima
754 1183 872 1240 naturae
894 1174 942 1240 lex
967 1183 1014 1240 est
1038 1175 1107 1240 Deo
1129 1174 1269 1240 subesse:
1292 1195 1349 1238 nec

245 1291 327 1372 opus
336 1287 397 1354 Dei
411 1288 597 1354 correctione
617 1287 746 1372 indiget,
762 1308 819 1352 neo
833 1286 1015 1352 miraculum
1029 1287 1129 1352 tendit
1144 1286 1183 1351 ad
1197 1307 1275 1370 opus
1289 1284 1349 1349 Dei

244 1399 459 1484 corrigendum
476 1398 623 1483 (mundus
638 1397 722 1462 enim
736 1397 802 1463 sinc
817 1397 971 1463 miraculis
984 1397 1018 1462 in
1033 1419 1089 1462 suo
1103 1396 1209 1462 ordine
1223 1395 1350 1482 physico

245 1509 361 1595 optime
375 1509 564 1595 perduraret)
576 1508 630 1573 sed
643 1508 684 1573 ad
697 1507 807 1573 melius
818 1508 1073 1574 manifestandam
1087 1507 1251 1574 incredulis
1262 1529 1349 1592 aeque

244 1643 279 1686 ac
304 1620 498 1686 credentibus
523 1619 585 1686 Dei
609 1618 831 1705 providentiam
860 1628 892 1685 et
915 1619 1093 1686 bonitatem.
1148 1619 1290 1706 Denique
1314 1618 1349 1683 in

245 1732 352 1797 ordine
375 1754 393 1797 a
415 1732 483 1796 Deo
508 1730 643 1796 stabilito
666 1729 868 1796 includuntur
890 1731 984 1797 etiam
1007 1753 1099 1816 opera
1119 1731 1180 1795 Dei
1198 1729 1348 1816 specialia,

245 1843 318 1930 quia
328 1843 414 1928 Deus
429 1851 465 1908 ut
479 1851 585 1910 auctor
599 1851 717 1908 naturae
728 1865 792 1906 nou
807 1841 935 1907 exclusit
950 1842 1086 1927 seipsum
1101 1841 1349 1926 agubernatione

246 1978 348 2020 rerum
362 1953 454 2020 etiam
469 1954 704 2040 supernaturali,
719 1962 755 2018 ut
770 1953 857 2039 impii
871 1953 1035 2039 aliquando
1050 1961 1213 2039 cuperent:
1235 1961 1267 2018 et
1280 1953 1350 2018 ideo

246 2089 309 2131 non
324 2073 371 2132 est
386 2088 465 2151 opus
478 2065 592 2132 mutari
607 2065 796 2131 voluntatem
810 2063 872 2129 Dei
884 2074 921 2129 ut
935 2065 989 2131 fiat
1003 2064 1195 2130 miraculum.

290 2179 344 2244 62.
367 2178 487 2243 Dicunt
512 2177 636 2242 tandem
659 2177 765 2264 aliqui,
791 2175 825 2242 id
850 2175 934 2262 quod
958 2175 1096 2242 miraculi
1120 2176 1246 2242 nomine
1271 2175 1350 2240 desi-

246 2311 378 2373 gnamus
403 2311 494 2373 posse
522 2288 561 2354 ab
585 2289 722 2353 humana
747 2295 813 2352 arte
840 2295 895 2352 aut
921 2287 1070 2353 diabolica
1094 2289 1206 2354 virtute
1234 2287 1350 2372 perfici.

247 2399 369 2477 Quibus
386 2399 598 2485 respondetur,
613 2422 684 2465 vera
702 2399 848 2464 miracula
862 2399 973 2464 habere
990 2399 1186 2480 characteres,
1202 2398 1314 2485 quibus
1332 2421 1350 2464 a

246 2511 337 2576 rebus
359 2510 426 2576 aliis
448 2510 543 2590 miris,
558 2533 627 2596 quae
647 2518 712 2576 arte
731 2510 868 2576 humana
889 2518 944 2575 aut
963 2509 1112 2575 diabolica
1125 2510 1238 2575 virtute
1258 2510 1350 2589 fiunt,

247 2621 477 2706 dignoscantur.
521 2622 676 2688 Petuntur
689 2629 793 2687 autem
809 2625 842 2686 1⁰
851 2644 888 2687 ex
902 2621 1074 2686 substantia
1087 2619 1170 2702 facti,
1187 2621 1213 2686 si
1228 2629 1350 2706 superet

245 2735 324 2802 vires
335 2733 428 2800 etiam
444 2732 626 2801 diabolicas:
648 2735 683 2798 2⁰
692 2739 728 2798 ex
742 2755 882 2818 persona,
891 2755 959 2818 quae
968 2733 1042 2816 agit,
1053 2733 1079 2797 si
1090 2732 1141 2818 pia
1152 2732 1202 2813 sit,
1210 2732 1349 2812 honesta,

245 2844 383 2925 humilis,
404 2843 549 2929 simplex:
572 2845 607 2908 3⁰
623 2866 659 2908 ex
675 2842 817 2910 modoet
840 2844 1078 2910 circumstantiis
1099 2844 1209 2930 operis,
1225 2844 1252 2910 si
1270 2844 1351 2908 nihil

246 2978 370 3034 vanum,
385 2953 560 3034 ridiculum,
576 2953 707 3034 crudele,
716 2955 815 3036 futile,
830 2955 1029 3021 inhonestum
1043 2955 1115 3022 fiat:
1137 2957 1173 3018 4⁰
1186 2979 1223 3021 ex
1237 2956 1308 3037 fine,
1324 2956 1350 3020 si
1376 3006 1379 3012 ,

246 3065 286 3130 ad
299 3064 361 3130 Dei
380 3063 509 3150 gloriam
524 3065 701 3130 immediate
715 3065 763 3131 vel
780 3066 912 3132 mediate
926 3066 1043 3147 tendat,
1058 3088 1122 3132 non
1142 3065 1181 3132 ad
1195 3067 1350 3153 propriam

247 3176 494 3254 ostentationem,
514 3174 554 3241 ad
575 3177 705 3256 luorum,
724 3177 764 3241 ad
783 3177 950 3244 otiosorum
971 3177 1215 3258 oblectationem,
1235 3187 1290 3244 aut
1311 3178 1351 3244 ad

247 3288 323 3374 quid
338 3287 422 3354 aliud
437 3288 664 3356 inordinatum:
688 3293 722 3386 5⁰
731 3311 767 3354 ex
781 3289 1047 3376 consequentibus,
1060 3290 1087 3356 si
1101 3314 1212 3378 nempe
1225 3291 1351 3356 effectus

247 3400 346 3486 operis
369 3400 432 3466 sint
456 3401 585 3468 boniet
609 3400 701 3468 utiles
727 3401 913 3483 hominibus,
935 3404 1103 3489 praesertim
1125 3403 1287 3469 inordina
1311 3403 1351 3468 ad

248 3511 378 3578 salutem
399 3520 556 3582 eternam.
601 3513 634 3578 si
648 3512 712 3578 baee
733 3521 928 3594 concurrant,
943 3536 1007 3578 non
1027 3514 1085 3580 erit
1104 3515 1352 3580 cursuboriatur

246 3623 390 3691 humane
407 3631 461 3691 aut
480 3622 635 3688 diabolioae
657 3624 731 3690 artis
754 3625 896 3709 suspicio.
942 3625 1004 3692 Sed
1024 3626 1089 3692 baec
1111 3627 1272 3693 sufficiant.
1318 3625 1353 3691 Si

248 3732 317 3821 quis
334 3735 423 3820 plura
443 3733 538 3819 cupit,
554 3733 693 3804 consulat
712 3735 898 3804 Rothenflue
917 3734 1050 3802 Cosmol.
1066 3760 1098 3802 ιι.
1114 3739 1167 3818 34,
1183 3739 1236 3816 35,
1251 3737 1305 3816 36,
1320 3743 1352 3800 et

250 3845 427 3914 liberatore
442 3843 575 3913 Cosmol.
591 3869 624 3912 ιι.
639 3847 693 3912 50.
1313 3868 1317 3878 ·
