3240 4986
250 402 320 448 cer.
337 381 410 469 111.]
707 411 750 454 nn
766 411 897 456 nunno.
1290 388 1351 453 133

249 569 297 635 lex
311 580 414 636 autem
426 571 562 657 patiendi
571 569 618 639 est
625 575 762 660 perfecta
773 578 970 662 indifferentia
979 585 1039 641 tam
1050 576 1149 660 quoad
1154 575 1351 652 directionem,

247 691 309 747 tam
338 685 437 768 quoad
462 687 659 752 intermitatua
687 697 792 756 metuo.
851 688 989 774 Utraque
1017 688 1066 753 lex
1097 695 1144 752 est
1179 677 1351 752 essentialis

247 794 399 875 materiae3
422 817 494 860 nam
509 793 750 884 unumquodque
772 799 836 884 agit
855 808 948 886 prout
968 809 1016 864 est
1037 799 1071 864 in
1088 807 1169 877 actu,
1184 806 1216 864 et
1233 796 1350 882 patitur

247 913 340 990 prout
358 914 405 971 est
427 905 461 970 in
480 907 617 992 potentia
625 934 635 988 3
659 931 755 994 quum
776 933 849 995 ergo
868 933 905 976 ex
922 919 993 976 actu
1011 919 1042 977 et
1062 910 1199 996 potentia
1221 907 1348 976 resirltet

246 1015 425 1082 substantiae
439 1019 580 1099 essentia,
595 1020 712 1106 nequit,
728 1030 871 1087 manente
884 1022 990 1090 eadem
1009 1021 1150 1102 essentia,
1164 1019 1279 1089 mutari
1295 1018 1349 1083 ‹le-

246 1129 422 1195 tcrmiaatio
441 1130 481 1198 ad
501 1131 654 1217 agendum
669 1133 715 1200 vel
738 1131 954 1220 patiendum*.
996 1135 1045 1200 Ex
1061 1134 1121 1199 hac
1141 1156 1212 1199 vero
1233 1129 1348 1216 duplici

246 1241 314 1326 lege
331 1241 482 1308 resultant
503 1243 679 1309 mechanico
697 1266 804 1309 omnes
825 1244 909 1330 leges
931 1254 1111 1312 naturarum
1125 1265 1347 1330 corporearum,

246 1345 285 1417 ut
296 1353 368 1419 alibi
382 1362 540 1421 ostensum
554 1364 601 1420 est
618 1357 657 1441 (v.
674 1357 712 1425 de
727 1356 934 1423 accidentibus
948 1381 980 1422 n.
992 1358 1111 1442 59-62)
1122 1381 1133 1438 3
1156 1378 1224 1442 quae
1235 1354 1348 1420 idcirco

247 1472 321 1529 sunt
341 1457 445 1530 ctiam
456 1465 531 1552 ipsae
545 1467 728 1535 necessariae.
776 1468 827 1534 Sic
841 1492 962 1534 neccsse
977 1477 1024 1534 est
1039 1476 1074 1534 ut
1094 1490 1183 1554 aqua,
1198 1465 1348 1552 quamdiu

245 1583 292 1640 est
314 1572 412 1662 aqua,¹
429 1577 469 1642 sit
490 1577 699 1660 madefactiva,
721 1603 843 1646 necesse
865 1589 912 1646 est
933 1602 1058 1666 corpora
1086 1579 1126 1644 ad
1155 1576 1344 1664 superficiem

244 1687 338 1752 huius
356 1697 445 1754 torrae
464 1691 564 1775 posita
578 1691 690 1759 habere
705 1693 837 1779 pondus,
852 1714 973 1758 necesse
988 1699 1035 1758 est
1049 1696 1150 1757 aerem
1165 1712 1231 1756 esse
1245 1697 1346 1756 trans-

244 1792 403 1866 missianm
417 1801 504 1882 lucis,
520 1803 587 1868 soni
602 1812 671 1870 eta>

288 1913 342 1978 57.
364 1911 510 1978 Actiones
524 1921 555 1979 et
568 1915 725 2001 passiones
736 1915 838 1981 locum
849 1916 997 1982 habentes
1008 1914 1174 1982 successive
1185 1913 1218 1979 in
1229 1912 1347 1982 mundo

243 2021 393 2088 materiali
413 2023 499 2096 iuxta
519 2024 603 2110 leges
625 2035 743 2092 naturae
764 2029 958 2098 constituunt
979 2049 1094 2092 mecam
1120 2034 1244 2092 nutura.
1287 2025 1345 2091 llst

243 2155 318 2218 ergo
342 2155 450 2200 cursus
473 2143 591 2200 naturae
614 2137 792 2224 exsequutio
814 2137 920 2224 legum
945 2146 1080 2204 naturae:
1102 2149 1134 2202 ct
1151 2137 1225 2217 haec,
1246 2159 1343 2224 quum

277 2296 296 2335 ἓ
312 2293 396 2350 Multi
413 2295 569 2369 philosophi
581 2297 652 2354 hanc
666 2297 810 2353 veritatem
825 2315 880 2353 non
896 2297 962 2353 satis
977 2297 1176 2369 intellexerunt,
1194 2296 1260 2369 quia
1273 2295 1345 2351 vires

243 2379 454 2437 substantiarum
466 2401 529 2439 cum
541 2384 718 2456 qualitatibus
729 2384 940 2441 accidentalibus
952 2384 1139 2441 confudenmt.
1180 2385 1246 2446 Quee
1259 2401 1345 2438 aecas-

242 2468 312 2537 ss'tae,
331 2469 480 2542 interrogat
500 2471 532 2526 P.
555 2471 711 2528 Iiberatoro
734 2472 864 2544 (Cosmol
886 2490 913 2528 n.
935 2472 993 2544 42),
1013 2478 1043 2528 at
1060 2472 1154 2542 praesis
1172 2472 1210 2526 ad
1228 2476 1344 2527 mmmm

241 2555 338 2610 matema
355 2557 463 2611 nitentia
480 2565 631 2613 moveantar
647 2559 676 2612 in
686 2558 788 2614 ratione
805 2559 904 2616 directa
919 2577 1065 2614 marearum
1077 2565 1103 2614 et
1113 2558 1244 2631 reciproca
1256 2557 1343 2628 dapa-

240 2647 301 2696 cata
318 2643 525 2698 dalmatiarum?
559 2645 768 2716 Repupaaretae
779 2646 805 2700 ei
820 2647 932 2700 seeundo
948 2645 1088 2701 teoracia
1106 2664 1138 2700 ea
1151 2645 1231 2716 dupla
1244 2645 1272 2699 ia
1290 2644 1341 2700 tri-

237 2728 314 2799 plum
325 2731 493 2785 maturetur?
510 2737 563 2801 aaut,
575 2733 601 2786 εἰ
610 2732 640 2786 id
656 2731 819 2803 coatiaperet,
831 2750 895 2786 naen
907 2750 1045 2804 carpam
1061 2721 1160 2786 actara
1175 2731 1343 2787 vanesceret?

243 2815 309 2869 llam
327 2817 415 2886 etiam,
428 2835 548 2888 qaenam
559 2818 674 2872 aeolica
685 2819 828 2888 necessitas,
840 2824 870 2874 ut
881 2807 998 2889 corpora,
1011 2819 1125 2890 impulsat
1141 2819 1219 2872 acancl
1233 2813 1344 2888 occepta,

239 2903 360 2974 mactati
366 2903 568 2974 monserantur
575 2924 625 2976 per
633 2905 728 2959 lineam
738 2911 845 2974 rectam,
856 2923 915 2976 ¹quae
926 2905 967 2959 lec
978 2910 1131 2960 ceterarum
1136 2904 1343 2977 fundamentum

239 2989 297 3047 ott?
331 2989 515 3046 Absardamac
534 2989 648 3060 foretea'
665 2991 717 3061 leye
729 2991 782 3044 alic
793 2991 928 3060 cierentm
941 2997 987 3045 caat
998 2990 1023 3044 εἰ
1031 2991 1116 3045 malua
1127 3008 1159 3046 ea
1176 2995 1266 3044 macac
1283 3007 1342 3044 cor·

233 3093 331 3145 param
351 3075 460 3146 appalea
479 3083 563 3131 moue
581 3077 650 3131 altro
670 3076 783 3148 citroque
806 3077 1061 3133 communicaretur?
1096 3078 1137 3131 Aa
1160 3094 1220 3131 aero
1243 3094 1290 3130 aaa
1313 3077 1343 3130 id

238 3163 334 3232 optime
351 3162 514 3234 canapinam,
527 3182 573 3218 aee
589 3169 681 3234 motus,
693 3170 779 3234 tapete
796 3164 913 3219 mater-ica
919 3181 1031 3236 proretas
1042 3164 1204 3236 adamatae,
1216 3163 1297 3218 allam
1309 3164 1342 3217 ab

238 3267 269 3302 ea
280 3261 401 3304 normam
413 3256 459 3304 aaut
470 3251 679 3321 teraperata'oacm
691 3251 808 3308 mma.

273 3336 328 3396 His
345 3337 412 3409 quid
427 3337 581 3410 responderi
598 3337 696 3394 debeat
718 3337 748 3393 in
771 3341 899 3414 promptu
921 3342 970 3392 est.
1007 3335 1174 3394 Substantia
1198 3335 1340 3406 materiali,

238 3422 326 3495 qualis
342 3423 373 3478 in
389 3429 486 3479 nunna
503 3428 553 3494 est,
570 3429 702 3498 repugnat
717 3441 797 3496 agere
815 3441 878 3480 cum
889 3423 991 3479 virtute
1008 3439 1090 3502 quam
1107 3415 1271 3492 nonhabet,
1291 3440 1341 3476 nec

237 3510 336 3568 habere
347 3516 437 3584 potest
448 3511 524 3567 salva
535 3529 583 3567 sua
594 3511 762 3580 substantia3
780 3529 844 3584 ergo
852 3518 985 3584 repugnat
996 3509 1096 3566 mutari
1107 3510 1196 3583 legem
1203 3510 1341 3566 actionum

238 3603 365 3652 manente
377 3597 535 3654 substantia
566 3599 638 3654 Item
649 3605 782 3672 repugnat
794 3598 936 3654 materiam
947 3616 1002 3652 non
1013 3615 1071 3653 esse
1083 3597 1199 3654 inertem
1212 3598 1341 3671 quamdiu

238 3688 280 3738 est
296 3684 326 3740 in
341 3701 392 3739 suo
410 3702 467 3741 esse
484 3684 623 3754 materiae5
641 3703 704 3758 ergo
721 3690 853 3759 repugnat
870 3702 931 3740 eam
946 3701 1001 3740 non
1018 3701 1074 3740 esse
1086 3684 1121 3739 de
1132 3700 1160 3738 se
1172 3688 1293 3756 paratum
1305 3685 1340 3738 ad

236 3770 384 3834 tenendam
400 3771 500 3826 lineam
517 3777 619 3827 rectem
638 3771 668 3826 in
685 3776 763 3826 motu
780 3771 832 3826 sibi
849 3770 979 3846 impresso
997 3770 1031 3827 ab
1048 3775 1145 3842 agente
1162 3769 1250 3841 unico,
1269 3769 1340 3826 sicut

237 3862 370 3929 repugnat
388 3845 448 3912 eam
465 3874 520 3911 non
537 3875 594 3912 esse
611 3861 733 3932 paratam
749 3857 784 3912 ad
799 3857 964 3929 sequendam
979 3856 1081 3912 lineam
1097 3873 1206 3911 curvam
1222 3855 1252 3911 in
1263 3861 1340 3926 motu

236 3943 386 3998 resultante
403 3961 438 3998 ex
455 3943 562 4000 actione
579 3960 634 3998 una
656 3943 828 3999 instantanea
851 3949 880 3998 et
900 3943 954 3998 alia
974 3941 1103 3997 continua
1126 3941 1275 3998 secundum
1296 3941 1339 3998 di-

159 4047 161 4053 ’
238 4028 351 4084 stinctae
371 4029 538 4084 directiones.
576 4029 658 4095 Quod
677 4029 769 4085 nullus
792 4033 883 4084 motus
903 4027 1118 4085 communicetur
1137 4044 1186 4099 par
1205 4027 1339 4083 actionem

237 4115 371 4170 motivam
390 4119 457 4170 tunc
476 4119 585 4170 tentum
601 4114 660 4170 fieri
678 4119 777 4190 potest,
800 4114 908 4187 quando
926 4114 1025 4170 dantm
1041 4113 1159 4171 actiones
1175 4113 1293 4186 aquales
1310 4120 1340 4174 et

237 4200 367 4273 oppositae
386 4218 421 4255 ex
437 4199 536 4273 qmbus
552 4200 666 4256 resultat
683 4200 878 4273 aequilibrium3
897 4201 945 4256 sed
961 4205 1027 4256 tunc
1044 4199 1121 4255 nulla
1137 4199 1183 4254 lex
1200 4206 1337 4259 mutatur:

236 4287 300 4359 quia
311 4291 401 4342 motus
412 4304 468 4342 non
479 4287 585 4360 proprie
603 4289 736 4358 cotteym,
749 4287 796 4343 sed
808 4289 844 4340 ad
853 4305 957 4342 caraem
968 4292 1073 4344 natmae
1085 4286 1219 4360 pertinet3
1237 4294 1266 4343 et
1276 4288 1339 4345 ideo

235 4379 326 4428 manu
337 4379 378 4428 est
390 4372 537 4444 mutabilis,
548 4373 614 4429 licet
623 4373 697 4446 leges
708 4379 797 4429 motus
808 4373 865 4434 sint
875 4373 1067 4431 immutabiles.
