3240 4986
297 367 341 430 98
755 384 799 430 ns
815 385 946 431 uouno.
1270 369 1359 453 [oar.
1376 386 1398 431 r.

296 571 366 629 esse,
382 551 453 633 qaia
474 549 637 615 intellectus
657 550 693 616 de
713 571 766 615 auo
780 547 887 634 fiendo,
902 558 936 614 at
957 551 1003 614 ito
1024 549 1129 629 dicum
1150 553 1178 614 ei
1200 553 1305 617 tribuit
1325 573 1396 618 eoae.

297 661 360 726 Sed
376 660 455 744 qaod
472 659 636 726 intellectus
652 661 688 725 de
700 658 858 744 musondo
872 663 979 726 assuit
993 681 1053 726 esse
1067 669 1112 726 cst
1125 683 1177 728 erse
1191 663 1304 741 ideale5
1327 685 1395 747 erpo

288 771 487 856 particulatio
505 793 565 836 nou
582 779 652 836 sient
668 773 726 836 nisi
745 772 863 852 idealio,
877 795 929 837 eeu
949 773 1125 838 evolutiones
1145 773 1217 837 idco
1234 775 1315 838 illius
1328 776 1394 838 uoi-

294 884 426 962 oersolis,
449 887 514 966 quo
537 905 575 947 ee
599 884 752 967 hypothesi
776 884 892 948 oetion
914 884 1022 948 Deum.
1067 882 1169 960 Quare
1197 885 1290 949 etiam
1318 907 1394 970 pan·

294 995 444 1060 theismus
458 993 565 1059 idealis
578 1002 625 1060 est
639 995 777 1080 legitima
791 994 998 1080 Ontologismi
1011 995 1237 1081 consequentia.

339 1106 487 1190 Ontologi
509 1105 643 1192 quidam,
664 1114 695 1170 et
716 1107 907 1192 pantheistae,
926 1107 1049 1192 quando
1073 1109 1243 1193 loquuntur
1264 1109 1302 1172 de
1324 1118 1394 1173 ente

295 1219 394 1297 ideali,
420 1217 562 1283 videntur
587 1218 679 1283 etiam
706 1217 849 1282 aVerbo
878 1217 990 1298 divino,
1021 1242 1074 1284 seu
1105 1219 1297 1285 substantiali
1327 1222 1394 1286 idea

293 1351 421 1393 summae
445 1327 774 1393 entitatisoidentidem
796 1329 920 1394 initium
943 1329 1061 1410 ducere,
1077 1338 1113 1394 ut
1136 1353 1173 1395 cx
1194 1353 1229 1395 eo
1251 1330 1290 1396 ad
1311 1355 1393 1396 crea·

292 1451 431 1506 turanum
455 1449 620 1525 conceptus
640 1440 842 1506 descendant:
864 1450 896 1505 et
919 1440 999 1505 male
1018 1441 1219 1528 intelligendo
1241 1443 1320 1507 illud
1342 1467 1392 1507 su-

292 1576 432 1640 premum
456 1553 613 1617 oraculum
640 1553 747 1617 Omma
764 1575 823 1636 per
847 1556 941 1637 pssum
960 1554 1151 1638 factasunt,
1181 1563 1210 1620 et
1238 1559 1301 1620 nne
1329 1559 1392 1641 ipso

284 1666 403 1750 foetum
424 1673 468 1729 est
489 1665 566 1727 nibil
580 1663 638 1746 (Io.
651 1665 706 1747 1.),
721 1671 870 1728 aternum
892 1664 993 1729 Patris
1007 1665 1144 1730 Verbum
1166 1688 1230 1730 non
1250 1677 1393 1733 verentur

292 1775 436 1858 accipere,
452 1774 560 1839 saltem
576 1773 798 1858 mquivalentcr,
813 1783 971 1861 tamquam
993 1777 1118 1862 aliquod
1131 1777 1301 1843 universale
1314 1778 1391 1863 logi-

291 1909 363 1952 cum
384 1885 654 1951 indeterminatum
674 1893 705 1950 et
719 1893 827 1971 aptum
849 1885 888 1950 ad
907 1888 1070 1952 essendum
1085 1889 1119 1953 in
1137 1889 1277 1973 pluribus
1292 1890 1391 1955 deter-

168 2052 174 2066 .
291 1998 425 2064 minate:
447 2018 504 2062 nec
524 1996 661 2082 cogitant
680 1997 763 2082 qnod
781 2020 835 2062 ens
855 1996 994 2069 absolute
1013 1999 1170 2064 infinitum
1186 2011 1315 2066 nonest
1336 2024 1391 2067 ens

290 2107 571 2188 indeterminatum,
589 2106 643 2171 sed
664 2129 718 2171 ena
738 2107 855 2173 habens
876 2109 1162 2174 determinationem
1179 2111 1307 2176 infinita
1322 2134 1391 2196 per·

289 2220 439 2286 fectionis.
485 2217 763 2284 Indeterminatum
784 2219 866 2284 enim
889 2242 951 2284 non
971 2228 1018 2285 est
1039 2221 1205 2301 infinitum,
1230 2223 1285 2287 sed
1304 2223 1391 2287 inde·

289 2333 413 2397 finitum
427 2339 458 2396 et
472 2330 648 2415 potentiale,
664 2331 738 2395 dum
756 2353 773 2394 e
788 2352 931 2396 converso
946 2354 1001 2397 ens
1020 2332 1158 2398 absolute
1172 2333 1328 2398 infinitum
1343 2343 1390 2399 est

288 2468 386 2532 purus
400 2453 486 2510 actua
508 2466 631 2510 omnem
651 2445 905 2530 potentialitatem
925 2445 1097 2511 excludens.
1143 2447 1276 2524 Quando
1294 2449 1391 2534 igitur

288 2557 346 2623 sub
368 2579 431 2622 uno
452 2557 577 2621 nomine
596 2558 672 2621 entis
691 2555 863 2640 simpliciter
882 2557 1076 2623 confundunt
1096 2581 1150 2624 ens
1170 2559 1202 2624 in
1227 2583 1338 2644 genere
1360 2571 1391 2625 et

173 2726 177 2735 .
287 2669 400 2748 Deum,
416 2690 477 2732 non
493 2667 563 2733 ideo
578 2667 678 2732 solum
692 2676 805 2747 errant,
820 2668 892 2754 quia
906 2691 957 2734 eos
976 2691 1039 2734 non
1053 2678 1155 2754 potest
1170 2671 1301 2736 univoce.
1312 2673 1392 2736 sumi

289 2781 326 2845 de
340 2781 409 2844 Deo
423 2787 454 2844 et
474 2779 512 2844 de
527 2779 594 2843 aliis
611 2801 629 2843 a
643 2778 721 2859 Dec,
737 2778 792 2844 sed
810 2779 902 2844 etiam
924 2779 997 2864 quia
1017 2780 1193 2846 adverbium
1209 2781 1390 2866 simpliciter,

288 2892 412 2976 quando
431 2889 602 2975 applicatur
621 2889 687 2954 enti
707 2889 856 2974 genetiuo,
872 2899 1018 2956 connotat
1032 2892 1241 2976 praeoisionem
1260 2894 1390 2959 intellec-

289 3003 397 3066 tualem
418 3000 707 3066 determinationum
722 3001 889 3082 finitarum,
904 3002 943 3067 ad
963 3025 1039 3088 quas
1053 3026 1108 3068 ens
1128 3005 1303 3090 genericum
1320 3029 1388 3070 con-

286 3115 395 3198 cipitur
416 3135 476 3178 esse
497 3115 529 3176 io
544 3114 698 3196 potentio:
721 3112 844 3198 quando
863 3136 934 3180 vero
953 3115 1124 3200 applicatur
1140 3116 1219 3195 Deo,
1241 3126 1388 3184 connotat

288 3223 490 3288 exclusionem
516 3224 623 3288 realem
648 3223 937 3290 determinationum
960 3227 1128 3306 finitarum,
1143 3227 1182 3292 ad
1204 3250 1280 3313 quas
1301 3229 1389 3293 Deus

287 3345 444 3418 numqaum
452 3341 552 3418 potest
566 3336 678 3418 concipi
692 3357 754 3399 esse
767 3337 951 3420 inpotentia

333 3445 393 3510 Sed
412 3445 479 3510 haec
499 3445 661 3510 sufficiant.
685 3445 808 3537 ‚Atque
830 3447 949 3512 utinam
969 3469 1006 3514 ex
1027 3449 1228 3514 monstruosis
1246 3451 1388 3534 panthei-

287 3565 403 3622 starum
426 3555 615 3620 illationibus
632 3557 785 3622 discamus
804 3559 898 3624 talem
916 3583 1034 3644 semper
1055 3561 1235 3645 opinionum
1254 3563 1388 3648 philoso-

288 3667 445 3754 phicarum
461 3667 612 3731 delectum
627 3667 748 3750 habere,
762 3677 794 3734 ct
808 3670 900 3734 mem
914 3671 948 3734 in
965 3670 1118 3757 loquendo
1133 3672 1335 3757 diligentiam,
1351 3685 1387 3740 ut

286 3779 371 3845 nulla
386 3777 632 3864 imprudentibus
647 3803 731 3847 arma
745 3781 785 3847 ad
799 3782 952 3868 propriam
967 3784 1130 3868 perniciem
1146 3785 1368 3852 ministrentur.
