3212 4986
228 359 296 402 car.
314 342 384 426 ιιι.]
712 361 754 404 nn
771 360 846 404 nno.
1288 341 1330 402 5⁷

224 535 362 592 creatura
383 528 482 592 omnis
505 526 543 591 ad
565 528 659 592 telem
680 529 774 593 finem
796 527 963 592 ordinetur.
1008 521 1091 593 Addi
1108 536 1220 612 potest,
1235 528 1329 612 quod,

225 639 283 703 etsi
297 639 391 703 relate
405 639 445 703 ad
460 662 527 719 nos,
543 640 597 725 qui
614 641 772 704 existimus
786 663 841 725 per
850 641 938 724 paras
952 648 983 704 et
992 647 1073 724 post,
1089 639 1176 704 Deus
1191 638 1329 705 videatur

224 749 361 814 nondum
393 749 563 814 obtinuisse
591 751 695 829 finem,
725 759 756 815 et
787 750 830 814 sic
858 749 998 814 videatur
1027 750 1127 815 adbuc
1156 759 1328 834 exspectare

224 857 352 942 gloriam
374 859 582 939 extrinsecam,
599 869 702 925 tamen
722 861 788 947 ipse
804 860 900 939 Deus,
916 860 971 945 qui
990 882 1052 924 non
1068 868 1115 924 est
1131 862 1284 946 perprius
1298 869 1328 924 et

218 980 299 1055 post,
315 973 369 1038 sed
384 981 481 1038 totam
497 973 689 1040 durationem
702 972 794 1038 babet
809 973 841 1036 in
857 995 912 1037 suo
927 995 1004 1036 acac
1018 979 1208 1056 praesentem,
1223 971 1256 1036 in
1272 995 1329 1037 suo

222 1107 300 1150 nanc
321 1085 383 1149 iam
404 1093 502 1148 totam
525 1082 652 1169 gloriam
675 1107 693 1148 a
717 1107 749 1149 se
763 1084 912 1149 intentam
937 1083 1082 1168 possidet.
1128 1084 1201 1148 Non
1225 1093 1327 1150 autem

222 1195 361 1260 tenditur
375 1194 415 1259 ad
429 1195 462 1260 id
476 1195 560 1281 quod
574 1196 759 1281 possidetur.

266 1306 319 1372 69.
345 1304 486 1370 Secundo
509 1328 564 1390 per
588 1315 691 1370 actum
714 1299 880 1370 creativum
903 1307 1125 1390 omnipotentia
1141 1305 1201 1369 Dei
1222 1305 1326 1370 termi-

223 1428 316 1482 natur
329 1419 369 1483 ad
390 1427 492 1484 actum
516 1427 663 1498 creatum,
678 1441 714 1483 ex
734 1441 795 1504 qno
809 1418 896 1484 Deus
917 1418 1027 1503 accipit
1048 1417 1325 1483 denominationem

221 1531 331 1594 realem
343 1530 502 1595 formalem
517 1534 668 1610 creatoris,
680 1533 901 1610 coamatores,
912 1553 1006 1596 caasoe
1014 1533 1128 1610 primia
1137 1539 1195 1594 etc.
1233 1528 1326 1607 Quod

222 1641 308 1705 nulla
333 1643 532 1727 explicatione
558 1643 686 1728 indiget,
702 1666 799 1728 quum
822 1643 922 1707 omnis
945 1643 1042 1707 virtus
1066 1643 1232 1727 operativa.
1244 1643 1325 1706 dica-

220 1761 272 1818 tur
288 1754 458 1820 formaliter
475 1756 546 1820 talis
568 1777 638 1821 cum
659 1754 765 1820 ordine
785 1754 825 1819 ad
844 1777 934 1819 suum
957 1762 1070 1819 actum.
1116 1755 1239 1819 Nomen
1254 1777 1324 1819 vero

221 1887 315 1930 caasa
328 1869 436 1950 prima
455 1867 558 1932 innuit
580 1889 647 1932 esse
668 1867 701 1932 in
723 1869 870 1932 creaturis
890 1889 1011 1952 quoque
1031 1866 1236 1930 causalitatem
1254 1889 1324 1952 par-

219 1974 394 2062 ticipatam3
422 2000 519 2062 quum
542 1977 621 2042 nihil
645 1977 764 2042 dicatur
786 1977 931 2062 primum,
951 1977 1012 2041 nisi
1035 1977 1184 2042 habeatur
1208 1977 1324 2062 aliquid

222 2088 399 2152 secundum.

265 2201 316 2264 70.
341 2199 443 2263 Tertio
457 2221 512 2283 per
527 2207 631 2263 actum
646 2199 811 2264 creativum
826 2199 954 2264 scientia
966 2199 1027 2262 Dei
1042 2199 1200 2264 entitetive
1219 2222 1322 2264 neces·

220 2309 298 2372 saria
318 2308 413 2376 libere
435 2311 619 2375 terminatur
641 2310 680 2376 ad
700 2319 853 2376 creaturas
878 2321 910 2374 et
925 2310 963 2376 ad
978 2333 1084 2374 omnes
1099 2333 1202 2374 earum
1217 2320 1322 2382 actns;

218 2418 300 2483 unde
318 2420 428 2505 accipit
444 2421 723 2486 denominationem
739 2423 867 2486 edentia
880 2423 1012 2486 cisionis.
1058 2421 1117 2484 Per
1130 2420 1210 2485 hanc
1225 2421 1321 2486 scien·

218 2531 292 2595 tiam
307 2531 394 2598 Deus
410 2533 495 2598 videt
517 2543 585 2597 tum
608 2534 721 2613 omnia,
742 2555 810 2619 quae
831 2534 897 2618 ipse
919 2532 1012 2597 libere
1033 2532 1170 2596 facturus
1192 2542 1249 2612 est,
1267 2557 1321 2598 seu

217 2643 321 2726 potius
334 2643 419 2723 facit,
435 2652 471 2708 ut
485 2645 585 2729 ipsam
600 2645 794 2724 creationem,
810 2644 956 2709 miracula
971 2654 1040 2724 eto,
1056 2653 1124 2708 tum
1140 2645 1242 2709 omnia
1253 2668 1322 2731 quae

217 2753 284 2818 aliae
303 2776 401 2820 causae
421 2754 524 2820 liberae
546 2778 616 2820 cum
636 2756 702 2820 eiua
720 2777 871 2820 concursu
884 2755 1010 2820 facturae
1025 2764 1107 2836 sunt,
1123 2764 1192 2820 tum
1207 2758 1320 2836 omnia,

218 2887 318 2950 quaea
335 2868 435 2932 causis
457 2867 649 2932 naturalibus
671 2868 846 2952 procedent,
862 2867 924 2932 sive
940 2890 982 2960 ex
1003 2869 1170 2933 necessaria
1191 2870 1321 2955 propriae

217 2985 333 3044 naturae
354 2977 616 3058 determinatione,
633 2980 695 3044 sive
716 3001 770 3064 per
791 2979 941 3044 actionem
965 2979 1177 3064 applicativam
1200 2982 1320 3065 agentis

215 3087 313 3154 liberi.
361 3091 495 3156 Scientia
510 3100 612 3157 autem
624 3091 695 3171 Dei,
708 3114 775 3176 quae
791 3091 833 3155 sic
848 3093 1031 3156 terminatur
1045 3100 1092 3155 est
1107 3092 1233 3156 scientia
1247 3115 1319 3158 con·

216 3200 364 3265 ditionate
380 3202 606 3268 futuribilium:
629 3212 790 3288 ponuntur
804 3202 888 3267 enim
903 3224 958 3287 per
972 3213 1076 3268 actum
1090 3206 1250 3269 creationis
1268 3206 1319 3288 (ad

216 3331 307 3395 quem
329 3312 520 3377 reducuntur
541 3313 634 3377 etiam
657 3313 847 3378 conservatio
869 3321 899 3376 et
922 3334 1099 3394 concursus,
1123 3323 1159 3378 ut
1182 3315 1319 3380 dicemus

216 3445 271 3488 suo
285 3423 363 3509 loco)
387 3425 576 3490 conditiones
598 3424 668 3504 illae,
685 3424 741 3489 sub
760 3422 873 3509 quibus
894 3424 966 3488 talia
987 3423 1195 3489 conditionate
1214 3425 1318 3491 futura

215 3536 364 3601 fuissent:
387 3559 490 3622 quare,
505 3537 615 3623 positis
637 3535 875 3615 conditionibus,
890 3545 1052 3601 transeunt
1074 3559 1092 3600 a
1111 3537 1319 3602 conditionata

214 3647 396 3714 futuritione
415 3647 455 3712 ad
474 3647 656 3712 absolutam.
702 3647 786 3712 Hinc
804 3647 930 3712 scientis
949 3647 1074 3712 visionis
1094 3647 1206 3713 dicitur
1225 3649 1316 3714 etiam

214 3759 526 3842 smectiasataroram,
542 3759 590 3823 vel
610 3758 788 3843 simpliciter
796 3760 1000 3842 prescieritic:
1024 3760 1056 3822 in
1078 3782 1138 3844 quo
1158 3769 1261 3824 tamen
1281 3783 1317 3826 es

213 3870 393 3934 necessitate
414 3878 526 3934 nostrae
544 3878 662 3934 naturae
684 3869 868 3954 imperfectae
882 3869 1079 3955 indulgemus
1094 3872 1316 3956 imaginationi,

214 4003 310 4066 quum
326 3981 404 4045 nibil
418 3981 459 4045 sit
473 3981 615 4045 futurum
629 3980 723 4046 relate
737 3980 776 4044 ad
790 3978 903 4045 Deum.

259 4097 311 4160 71.
336 4093 455 4170 Quarto
469 4115 524 4177 per
539 4101 642 4158 actum
657 4093 822 4156 creatirum
837 4092 1042 4157 terminantur
1057 4094 1096 4158 ad
1107 4103 1191 4160 extra
1202 4106 1317 4163 caeterae

147 4241 150 4244 ·
214 4203 323 4270 divinae
348 4204 559 4289 perfectiones,
587 4213 618 4268 et
644 4227 736 4269 novas
767 4204 1027 4270 denominationes
1055 4207 1238 4274 extrinsecas
1268 4234 1315 4275 as·

214 4317 342 4381 sumunt
366 4339 420 4401 per
444 4316 622 4381 relationem
646 4317 685 4381 ad
708 4317 856 4382 terminos
879 4327 1005 4382 creatos.
1052 4318 1101 4382 Sic
1127 4319 1316 4388 immensitas
