<?xml version="1.0" encoding="UTF-8"?>
<!DOCTYPE html PUBLIC "-//W3C//DTD XHTML 1.0 Transitional//EN"
    "http://www.w3.org/TR/xhtml1/DTD/xhtml1-transitional.dtd">
<html xmlns="http://www.w3.org/1999/xhtml" xml:lang="en" lang="en">
 <head>
  <title>
</title>
<meta http-equiv="Content-Type" content="text/html;charset=utf-8" />
  <meta name='ocr-system' content='tesseract 3.04.00' />
  <meta name='ocr-capabilities' content='ocr_page ocr_carea ocr_par ocr_line ocrx_word'/>
</head>
<body>
  <div class='ocr_page' id='page_1' title='image "./realisphilosoph01baymgoog_0311.png"; bbox 0 0 3186 4982; ppageno 0'>
   <div class='ocr_carea' id='block_1_1' title="bbox 272 353 1381 439">
    <p class='ocr_par' dir='ltr' id='par_1_1' title="bbox 272 353 1381 439">
     <span class='ocr_line' id='line_1_1' title="bbox 272 353 1381 439; baseline -0.009 -14"><span class='ocrx_word' id='word_1_1' title='bbox 272 361 338 427; x_wconf 82' lang='grc'>296</span> <span class='ocrx_word' id='word_1_2' title='bbox 642 379 748 424; x_wconf 80' lang='lat' dir='ltr'>ranux</span> <span class='ocrx_word' id='word_1_3' title='bbox 763 378 1000 423; x_wconf 80' lang='lat' dir='ltr'>ourouoomus.</span> <span class='ocrx_word' id='word_1_4' title='bbox 1232 353 1318 439; x_wconf 77' lang='lat' dir='ltr'>[aar.</span> <span class='ocrx_word' id='word_1_5' title='bbox 1336 373 1381 415; x_wconf 83' lang='grc' dir='ltr'>ιι.</span> 
     </span>
    </p>
   </div>
   <div class='ocr_carea' id='block_1_2' title="bbox 272 537 1394 4411">
    <p class='ocr_par' dir='ltr' id='par_1_2' title="bbox 272 537 1380 875">
     <span class='ocr_line' id='line_1_2' title="bbox 273 537 1380 618; baseline -0.008 -20"><span class='ocrx_word' id='word_1_6' title='bbox 273 543 382 600; x_wconf 59' lang='lat' dir='ltr'>surde</span> <span class='ocrx_word' id='word_1_7' title='bbox 399 541 537 618; x_wconf 87' lang='lat' dir='ltr'>proprium</span> <span class='ocrx_word' id='word_1_8' title='bbox 551 561 607 600; x_wconf 93' lang='lat' dir='ltr'>non</span> <span class='ocrx_word' id='word_1_9' title='bbox 622 549 694 600; x_wconf 86' lang='lat' dir='ltr'>esset</span> <span class='ocrx_word' id='word_1_10' title='bbox 710 542 826 617; x_wconf 88' lang='lat' dir='ltr'>amplius</span> <span class='ocrx_word' id='word_1_11' title='bbox 841 541 910 598; x_wconf 87' lang='lat' dir='ltr'>ratio</span> <span class='ocrx_word' id='word_1_12' title='bbox 922 538 1042 596; x_wconf 81' lang='lat' dir='ltr'>formalis</span> <span class='ocrx_word' id='word_1_13' title='bbox 1053 537 1268 612; x_wconf 65' lang='lat' dir='ltr'><strong>personalitatis:</strong></span> <span class='ocrx_word' id='word_1_14' title='bbox 1287 553 1380 608; x_wconf 86' lang='lat' dir='ltr'>neque</span> 
     </span>
     <span class='ocr_line' id='line_1_3' title="bbox 272 622 1380 705; baseline -0.01 -18"><span class='ocrx_word' id='word_1_15' title='bbox 272 629 346 686; x_wconf 85' lang='lat' dir='ltr'>enim</span> <span class='ocrx_word' id='word_1_16' title='bbox 357 629 508 686; x_wconf 81' lang='lat' dir='ltr'>substantia</span> <span class='ocrx_word' id='word_1_17' title='bbox 518 630 676 686; x_wconf 68' lang='lat' dir='ltr'>subsisteret</span> <span class='ocrx_word' id='word_1_18' title='bbox 692 648 740 705; x_wconf 91' lang='lat' dir='ltr'>per</span> <span class='ocrx_word' id='word_1_19' title='bbox 750 649 788 702; x_wconf 89' lang='lat' dir='ltr'>se,</span> <span class='ocrx_word' id='word_1_20' title='bbox 800 630 824 686; x_wconf 90' lang='lat' dir='ltr'>si</span> <span class='ocrx_word' id='word_1_21' title='bbox 835 647 883 702; x_wconf 92' lang='lat' dir='ltr'>per</span> <span class='ocrx_word' id='word_1_22' title='bbox 894 629 968 684; x_wconf 86' lang='lat' dir='ltr'>aliud</span> <span class='ocrx_word' id='word_1_23' title='bbox 980 628 1079 684; x_wconf 89' lang='lat' dir='ltr'>ultimo</span> <span class='ocrx_word' id='word_1_24' title='bbox 1090 627 1276 699; x_wconf 79' lang='lat' dir='ltr'><strong>compleretur.</strong></span> <span class='ocrx_word' id='word_1_25' title='bbox 1313 622 1380 677; x_wconf 90' lang='lat' dir='ltr'>Hoc</span> 
     </span>
     <span class='ocr_line' id='line_1_4' title="bbox 273 711 1380 791; baseline -0.005 -21"><span class='ocrx_word' id='word_1_26' title='bbox 273 721 366 771; x_wconf 85' lang='lat' dir='ltr'>sutem</span> <span class='ocrx_word' id='word_1_27' title='bbox 382 717 524 772; x_wconf 85' lang='lat' dir='ltr'>confirmat</span> <span class='ocrx_word' id='word_1_28' title='bbox 542 717 615 790; x_wconf 92' lang='lat' dir='ltr'>quod</span> <span class='ocrx_word' id='word_1_29' title='bbox 629 735 711 791; x_wconf 90' lang='lat' dir='ltr'>supra</span> <span class='ocrx_word' id='word_1_30' title='bbox 722 717 842 774; x_wconf 82' lang='lat' dir='ltr'>diximus</span> <span class='ocrx_word' id='word_1_31' title='bbox 853 717 887 772; x_wconf 91' lang='lat' dir='ltr'>de</span> <span class='ocrx_word' id='word_1_32' title='bbox 899 716 1045 786; x_wconf 87' lang='lat' dir='ltr'>accidente,</span> <span class='ocrx_word' id='word_1_33' title='bbox 1059 713 1186 771; x_wconf 88' lang='lat' dir='ltr'>videlicet</span> <span class='ocrx_word' id='word_1_34' title='bbox 1197 713 1269 786; x_wconf 92' lang='lat' dir='ltr'>quod</span> <span class='ocrx_word' id='word_1_35' title='bbox 1279 711 1317 767; x_wconf 91' lang='lat' dir='ltr'>sit</span> <span class='ocrx_word' id='word_1_36' title='bbox 1328 727 1380 766; x_wconf 85' lang='lat' dir='ltr'>ens</span> 
     </span>
     <span class='ocr_line' id='line_1_5' title="bbox 274 801 444 875; baseline 0.012 -19"><span class='ocrx_word' id='word_1_37' title='bbox 274 801 444 875; x_wconf 83' lang='lat' dir='ltr'>incompleta.</span> 
     </span>
    </p>

    <p class='ocr_par' dir='ltr' id='par_1_3' title="bbox 273 885 1383 2257">
     <span class='ocr_line' id='line_1_6' title="bbox 309 885 1377 964; baseline -0.005 -22"><span class='ocrx_word' id='word_1_38' title='bbox 309 889 352 942; x_wconf 81' lang='grc'>56.</span> <span class='ocrx_word' id='word_1_39' title='bbox 371 887 473 944; x_wconf 80' lang='lat' dir='ltr'>Utrum</span> <span class='ocrx_word' id='word_1_40' title='bbox 484 893 575 946; x_wconf 87' lang='lat' dir='ltr'>autem</span> <span class='ocrx_word' id='word_1_41' title='bbox 586 907 698 964; x_wconf 88' lang='lat' dir='ltr'>persona</span> <span class='ocrx_word' id='word_1_42' title='bbox 706 891 752 946; x_wconf 87' lang='lat' dir='ltr'>vel</span> <span class='ocrx_word' id='word_1_43' title='bbox 765 888 933 963; x_wconf 90' lang='lat' dir='ltr'>suppositum</span> <span class='ocrx_word' id='word_1_44' title='bbox 946 892 1087 954; x_wconf 87' lang='lat' dir='ltr'>mutentur</span> <span class='ocrx_word' id='word_1_45' title='bbox 1097 887 1127 942; x_wconf 94' lang='lat' dir='ltr'>in</span> <span class='ocrx_word' id='word_1_46' title='bbox 1138 885 1242 941; x_wconf 90' lang='lat' dir='ltr'>ratione</span> <span class='ocrx_word' id='word_1_47' title='bbox 1253 899 1377 957; x_wconf 73' lang='lat' dir='ltr'>personas</span> 
     </span>
     <span class='ocr_line' id='line_1_7' title="bbox 273 971 1378 1049; baseline -0.005 -20"><span class='ocrx_word' id='word_1_48' title='bbox 273 973 319 1029; x_wconf 84' lang='lat' dir='ltr'>rel</span> <span class='ocrx_word' id='word_1_49' title='bbox 338 975 479 1048; x_wconf 80' lang='lat' dir='ltr'>suppositi,</span> <span class='ocrx_word' id='word_1_50' title='bbox 498 994 546 1049; x_wconf 90' lang='lat' dir='ltr'>per</span> <span class='ocrx_word' id='word_1_51' title='bbox 560 976 724 1031; x_wconf 86' lang='lat' dir='ltr'>mutationes</span> <span class='ocrx_word' id='word_1_52' title='bbox 744 976 815 1031; x_wconf 91' lang='lat' dir='ltr'>circa</span> <span class='ocrx_word' id='word_1_53' title='bbox 834 974 984 1046; x_wconf 87' lang='lat' dir='ltr'>materiam,</span> <span class='ocrx_word' id='word_1_54' title='bbox 996 993 1021 1030; x_wconf 88' lang='lat' dir='ltr'>v.</span> <span class='ocrx_word' id='word_1_55' title='bbox 1035 991 1073 1046; x_wconf 78' lang='lat' dir='ltr'>gr.</span> <span class='ocrx_word' id='word_1_56' title='bbox 1095 972 1203 1045; x_wconf 90' lang='lat' dir='ltr'>quando</span> <span class='ocrx_word' id='word_1_57' title='bbox 1222 971 1320 1025; x_wconf 88' lang='lat' dir='ltr'>Petrus</span> <span class='ocrx_word' id='word_1_58' title='bbox 1340 986 1378 1024; x_wconf 87' lang='lat' dir='ltr'>ex</span> 
     </span>
     <span class='ocr_line' id='line_1_8' title="bbox 274 1058 1378 1135; baseline -0.004 -20"><span class='ocrx_word' id='word_1_59' title='bbox 274 1077 359 1132; x_wconf 89' lang='lat' dir='ltr'>puero</span> <span class='ocrx_word' id='word_1_60' title='bbox 370 1061 404 1115; x_wconf 84' lang='lat' dir='ltr'>iit</span> <span class='ocrx_word' id='word_1_61' title='bbox 413 1062 574 1132; x_wconf 85' lang='lat' dir='ltr'>adolescens,</span> <span class='ocrx_word' id='word_1_62' title='bbox 588 1062 703 1135; x_wconf 87' lang='lat' dir='ltr'>quaestio</span> <span class='ocrx_word' id='word_1_63' title='bbox 719 1067 760 1118; x_wconf 90' lang='lat' dir='ltr'>est</span> <span class='ocrx_word' id='word_1_64' title='bbox 771 1078 833 1134; x_wconf 77' lang='lat' dir='ltr'>quar</span> <span class='ocrx_word' id='word_1_65' title='bbox 844 1079 880 1116; x_wconf 88' lang='lat' dir='ltr'>ex</span> <span class='ocrx_word' id='word_1_66' title='bbox 896 1079 977 1116; x_wconf 88' lang='lat' dir='ltr'>sensu</span> <span class='ocrx_word' id='word_1_67' title='bbox 991 1061 1129 1117; x_wconf 90' lang='lat' dir='ltr'>communi</span> <span class='ocrx_word' id='word_1_68' title='bbox 1144 1059 1250 1114; x_wconf 73' lang='lat' dir='ltr'>facilius</span> <span class='ocrx_word' id='word_1_69' title='bbox 1264 1058 1378 1112; x_wconf 83' lang='lat' dir='ltr'>fortasse</span> 
     </span>
     <span class='ocr_line' id='line_1_9' title="bbox 275 1143 1378 1223; baseline -0.005 -21"><span class='ocrx_word' id='word_1_70' title='bbox 275 1163 358 1219; x_wconf 86' lang='lat' dir='ltr'>quam</span> <span class='ocrx_word' id='word_1_71' title='bbox 381 1165 416 1203; x_wconf 88' lang='lat' dir='ltr'>ex</span> <span class='ocrx_word' id='word_1_72' title='bbox 439 1149 624 1223; x_wconf 72' lang='lat' dir='ltr'>metaphysica</span> <span class='ocrx_word' id='word_1_73' title='bbox 646 1147 745 1204; x_wconf 83' lang='lat' dir='ltr'>resolvi</span> <span class='ocrx_word' id='word_1_74' title='bbox 768 1153 865 1221; x_wconf 86' lang='lat' dir='ltr'>potest</span> <span class='ocrx_word' id='word_1_75' title='bbox 901 1146 973 1202; x_wconf 87' lang='lat' dir='ltr'>Mihi</span> <span class='ocrx_word' id='word_1_76' title='bbox 996 1147 1104 1202; x_wconf 84' lang='lat' dir='ltr'>ridetur</span> <span class='ocrx_word' id='word_1_77' title='bbox 1127 1145 1279 1215; x_wconf 88' lang='lat' dir='ltr'>dicendum,</span> <span class='ocrx_word' id='word_1_78' title='bbox 1303 1143 1378 1215; x_wconf 91' lang='lat' dir='ltr'>quod</span> 
     </span>
     <span class='ocr_line' id='line_1_10' title="bbox 275 1231 1379 1308; baseline -0.006 -18"><span class='ocrx_word' id='word_1_79' title='bbox 275 1234 395 1290; x_wconf 85' lang='lat' dir='ltr'>mutatio</span> <span class='ocrx_word' id='word_1_80' title='bbox 410 1235 530 1291; x_wconf 82' lang='lat' dir='ltr'>materias</span> <span class='ocrx_word' id='word_1_81' title='bbox 548 1236 578 1290; x_wconf 92' lang='lat' dir='ltr'>in</span> <span class='ocrx_word' id='word_1_82' title='bbox 595 1253 703 1308; x_wconf 88' lang='lat' dir='ltr'>corpore</span> <span class='ocrx_word' id='word_1_83' title='bbox 714 1235 834 1289; x_wconf 86' lang='lat' dir='ltr'>humano</span> <span class='ocrx_word' id='word_1_84' title='bbox 845 1233 930 1289; x_wconf 90' lang='lat' dir='ltr'>habet</span> <span class='ocrx_word' id='word_1_85' title='bbox 940 1251 969 1288; x_wconf 90' lang='lat' dir='ltr'>se</span> <span class='ocrx_word' id='word_1_86' title='bbox 982 1232 1017 1288; x_wconf 90' lang='lat' dir='ltr'>ad</span> <span class='ocrx_word' id='word_1_87' title='bbox 1027 1249 1148 1306; x_wconf 84' lang='lat' dir='ltr'>personae</span> <span class='ocrx_word' id='word_1_88' title='bbox 1160 1231 1292 1286; x_wconf 90' lang='lat' dir='ltr'>rationem</span> <span class='ocrx_word' id='word_1_89' title='bbox 1303 1247 1379 1284; x_wconf 90' lang='lat' dir='ltr'>mere</span> 
     </span>
     <span class='ocr_line' id='line_1_11' title="bbox 276 1317 1379 1393; baseline -0.005 -17"><span class='ocrx_word' id='word_1_90' title='bbox 276 1319 482 1376; x_wconf 89' lang='lat' dir='ltr'>accidentaliter.</span> <span class='ocrx_word' id='word_1_91' title='bbox 522 1322 595 1377; x_wconf 90' lang='lat' dir='ltr'>Nam</span> <span class='ocrx_word' id='word_1_92' title='bbox 612 1321 641 1374; x_wconf 93' lang='lat' dir='ltr'>in</span> <span class='ocrx_word' id='word_1_93' title='bbox 658 1321 768 1375; x_wconf 92' lang='lat' dir='ltr'>homine</span> <span class='ocrx_word' id='word_1_94' title='bbox 786 1326 863 1376; x_wconf 89' lang='lat' dir='ltr'>actus</span> <span class='ocrx_word' id='word_1_95' title='bbox 879 1319 981 1393; x_wconf 89' lang='lat' dir='ltr'>primus</span> <span class='ocrx_word' id='word_1_96' title='bbox 998 1325 1040 1374; x_wconf 87' lang='lat' dir='ltr'>est</span> <span class='ocrx_word' id='word_1_97' title='bbox 1057 1319 1164 1387; x_wconf 76' lang='lat' dir='ltr'>caimc3</span> <span class='ocrx_word' id='word_1_98' title='bbox 1186 1317 1319 1372; x_wconf 85' lang='lat' dir='ltr'>terminus</span> <span class='ocrx_word' id='word_1_99' title='bbox 1336 1323 1379 1370; x_wconf 89' lang='lat' dir='ltr'>est</span> 
     </span>
     <span class='ocr_line' id='line_1_12' title="bbox 276 1401 1380 1479; baseline -0.005 -17"><span class='ocrx_word' id='word_1_100' title='bbox 276 1423 373 1479; x_wconf 89' lang='lat' dir='ltr'>corpus</span> <span class='ocrx_word' id='word_1_101' title='bbox 390 1408 418 1462; x_wconf 78' lang='lat' dir='ltr'>ia</span> <span class='ocrx_word' id='word_1_102' title='bbox 430 1408 547 1479; x_wconf 78' lang='lat' dir='ltr'>potentia</span> <span class='ocrx_word' id='word_1_103' title='bbox 565 1409 601 1462; x_wconf 88' lang='lat' dir='ltr'>ad</span> <span class='ocrx_word' id='word_1_104' title='bbox 616 1408 713 1476; x_wconf 55' lang='lat' dir='ltr'>viteam</span> <span class='ocrx_word' id='word_1_105' title='bbox 732 1407 961 1479; x_wconf 77' lang='lat' dir='ltr'>complementum</span> <span class='ocrx_word' id='word_1_106' title='bbox 978 1404 1110 1460; x_wconf 73' lang='lat' dir='ltr'>asdans</span> <span class='ocrx_word' id='word_1_107' title='bbox 1128 1421 1163 1460; x_wconf 83' lang='lat' dir='ltr'>ex</span> <span class='ocrx_word' id='word_1_108' title='bbox 1180 1401 1380 1475; x_wconf 77' lang='lat' dir='ltr'>conspiratione</span> 
     </span>
     <span class='ocr_line' id='line_1_13' title="bbox 276 1489 1381 1566; baseline -0.005 -19"><span class='ocrx_word' id='word_1_109' title='bbox 276 1493 376 1548; x_wconf 75' lang='lat' dir='ltr'>anima</span> <span class='ocrx_word' id='word_1_110' title='bbox 389 1500 417 1548; x_wconf 90' lang='lat' dir='ltr'>et</span> <span class='ocrx_word' id='word_1_111' title='bbox 428 1493 545 1566; x_wconf 89' lang='lat' dir='ltr'>corporis</span> <span class='ocrx_word' id='word_1_112' title='bbox 557 1499 599 1549; x_wconf 89' lang='lat' dir='ltr'>est</span> <span class='ocrx_word' id='word_1_113' title='bbox 609 1494 696 1548; x_wconf 78' lang='lat' dir='ltr'>caitae</span> <span class='ocrx_word' id='word_1_114' title='bbox 713 1499 815 1547; x_wconf 74' lang='lat' dir='ltr'>natm</span> <span class='ocrx_word' id='word_1_115' title='bbox 831 1491 943 1560; x_wconf 72' lang='grc'><strong>1111111111,</strong></span> <span class='ocrx_word' id='word_1_116' title='bbox 957 1508 1025 1563; x_wconf 89' lang='lat' dir='ltr'>quse,</span> <span class='ocrx_word' id='word_1_117' title='bbox 1038 1495 1070 1544; x_wconf 90' lang='lat' dir='ltr'>ut</span> <span class='ocrx_word' id='word_1_118' title='bbox 1081 1489 1134 1545; x_wconf 91' lang='lat' dir='ltr'>sibi</span> <span class='ocrx_word' id='word_1_119' title='bbox 1145 1489 1246 1559; x_wconf 90' lang='lat' dir='ltr'>relicta,</span> <span class='ocrx_word' id='word_1_120' title='bbox 1259 1495 1301 1544; x_wconf 89' lang='lat' dir='ltr'>est</span> <span class='ocrx_word' id='word_1_121' title='bbox 1317 1505 1381 1561; x_wconf 90' lang='lat' dir='ltr'>per-</span> 
     </span>
     <span class='ocr_line' id='line_1_14' title="bbox 277 1575 1378 1650; baseline -0.003 -17"><span class='ocrx_word' id='word_1_122' title='bbox 277 1597 350 1634; x_wconf 87' lang='lat' dir='ltr'>sona</span> <span class='ocrx_word' id='word_1_123' title='bbox 377 1579 438 1634; x_wconf 87' lang='lat' dir='ltr'>Iam</span> <span class='ocrx_word' id='word_1_124' title='bbox 446 1597 509 1635; x_wconf 87' lang='lat' dir='ltr'>vero</span> <span class='ocrx_word' id='word_1_125' title='bbox 519 1578 707 1636; x_wconf 83' lang='lat' dir='ltr'>accedentibus</span> <span class='ocrx_word' id='word_1_126' title='bbox 714 1579 758 1634; x_wconf 88' lang='lat' dir='ltr'>vel</span> <span class='ocrx_word' id='word_1_127' title='bbox 770 1578 957 1635; x_wconf 88' lang='lat' dir='ltr'>resedentibus</span> <span class='ocrx_word' id='word_1_128' title='bbox 969 1576 1104 1650; x_wconf 71' lang='lat' dir='ltr'>aliquibus</span> <span class='ocrx_word' id='word_1_129' title='bbox 1115 1577 1236 1650; x_wconf 85' lang='lat' dir='ltr'>partibus</span> <span class='ocrx_word' id='word_1_130' title='bbox 1247 1575 1378 1644; x_wconf 73' lang='lat' dir='ltr'>materia,</span> 
     </span>
     <span class='ocr_line' id='line_1_15' title="bbox 277 1661 1380 1740; baseline -0.003 -21"><span class='ocrx_word' id='word_1_131' title='bbox 277 1665 409 1720; x_wconf 91' lang='lat' dir='ltr'>terminus</span> <span class='ocrx_word' id='word_1_132' title='bbox 426 1666 535 1738; x_wconf 82' lang='lat' dir='ltr'>quddam</span> <span class='ocrx_word' id='word_1_133' title='bbox 552 1671 675 1721; x_wconf 69' lang='lat' dir='ltr'>mumtur</span> <span class='ocrx_word' id='word_1_134' title='bbox 690 1666 810 1740; x_wconf 84' lang='lat' dir='ltr'>physice,</span> <span class='ocrx_word' id='word_1_135' title='bbox 828 1666 948 1721; x_wconf 91' lang='lat' dir='ltr'>sednon</span> <span class='ocrx_word' id='word_1_136' title='bbox 965 1668 1087 1719; x_wconf 78' lang='lat' dir='ltr'>mutatum</span> <span class='ocrx_word' id='word_1_137' title='bbox 1103 1663 1254 1718; x_wconf 87' lang='lat' dir='ltr'>iuratione</span> <span class='ocrx_word' id='word_1_138' title='bbox 1271 1661 1380 1717; x_wconf 83' lang='lat' dir='ltr'>formali</span> 
     </span>
     <span class='ocr_line' id='line_1_16' title="bbox 277 1747 1381 1824; baseline -0.003 -18"><span class='ocrx_word' id='word_1_139' title='bbox 277 1752 407 1806; x_wconf 63' lang='grc'><strong>1111111111</strong></span> <span class='ocrx_word' id='word_1_140' title='bbox 418 1753 447 1806; x_wconf 78' lang='lat' dir='ltr'>ais</span> <span class='ocrx_word' id='word_1_141' title='bbox 452 1753 569 1824; x_wconf 69' lang='lat' dir='ltr'>peteuda</span> <span class='ocrx_word' id='word_1_142' title='bbox 581 1755 618 1807; x_wconf 87' lang='lat' dir='ltr'>ad</span> <span class='ocrx_word' id='word_1_143' title='bbox 627 1754 717 1824; x_wconf 60' lang='lat' dir='ltr'>atam,</span> <span class='ocrx_word' id='word_1_144' title='bbox 731 1752 780 1808; x_wconf 91' lang='lat' dir='ltr'>sub</span> <span class='ocrx_word' id='word_1_145' title='bbox 796 1768 849 1824; x_wconf 90' lang='lat' dir='ltr'>qua</span> <span class='ocrx_word' id='word_1_146' title='bbox 865 1751 968 1806; x_wconf 88' lang='lat' dir='ltr'>ratione</span> <span class='ocrx_word' id='word_1_147' title='bbox 985 1749 1082 1822; x_wconf 85' lang='lat' dir='ltr'>recipit</span> <span class='ocrx_word' id='word_1_148' title='bbox 1099 1749 1225 1819; x_wconf 89' lang='lat' dir='ltr'>animam,</span> <span class='ocrx_word' id='word_1_149' title='bbox 1237 1748 1291 1803; x_wconf 91' lang='lat' dir='ltr'>nisi</span> <span class='ocrx_word' id='word_1_150' title='bbox 1307 1747 1381 1804; x_wconf 87' lang='lat' dir='ltr'>acci·</span> 
     </span>
     <span class='ocr_line' id='line_1_17' title="bbox 277 1834 1382 1912; baseline -0.005 -19"><span class='ocrx_word' id='word_1_151' title='bbox 277 1837 421 1893; x_wconf 85' lang='lat' dir='ltr'>dentaliter</span> <span class='ocrx_word' id='word_1_152' title='bbox 429 1859 437 1908; x_wconf 89' lang='lat'>;</span> <span class='ocrx_word' id='word_1_153' title='bbox 456 1844 485 1893; x_wconf 90' lang='lat' dir='ltr'>et</span> <span class='ocrx_word' id='word_1_154' title='bbox 501 1845 695 1912; x_wconf 88' lang='lat' dir='ltr'>consequenter</span> <span class='ocrx_word' id='word_1_155' title='bbox 711 1839 872 1912; x_wconf 88' lang='lat' dir='ltr'>conspiratio</span> <span class='ocrx_word' id='word_1_156' title='bbox 889 1838 919 1893; x_wconf 90' lang='lat' dir='ltr'>in</span> <span class='ocrx_word' id='word_1_157' title='bbox 936 1837 1070 1891; x_wconf 90' lang='lat' dir='ltr'>unitatem</span> <span class='ocrx_word' id='word_1_158' title='bbox 1081 1835 1200 1892; x_wconf 86' lang='lat' dir='ltr'>viventis</span> <span class='ocrx_word' id='word_1_159' title='bbox 1215 1853 1270 1890; x_wconf 93' lang='lat' dir='ltr'>non</span> <span class='ocrx_word' id='word_1_160' title='bbox 1282 1835 1315 1888; x_wconf 92' lang='lat' dir='ltr'>fit</span> <span class='ocrx_word' id='word_1_161' title='bbox 1326 1834 1382 1889; x_wconf 88' lang='lat' dir='ltr'>alia</span> 
     </span>
     <span class='ocr_line' id='line_1_18' title="bbox 277 1921 1383 1996; baseline -0.003 -17"><span class='ocrx_word' id='word_1_162' title='bbox 277 1924 331 1979; x_wconf 90' lang='lat' dir='ltr'>nisi</span> <span class='ocrx_word' id='word_1_163' title='bbox 349 1925 557 1994; x_wconf 85' lang='lat' dir='ltr'>accidentaliter,</span> <span class='ocrx_word' id='word_1_164' title='bbox 570 1930 599 1980; x_wconf 89' lang='lat' dir='ltr'>et</span> <span class='ocrx_word' id='word_1_165' title='bbox 615 1927 705 1981; x_wconf 87' lang='lat' dir='ltr'>unitas</span> <span class='ocrx_word' id='word_1_166' title='bbox 721 1931 824 1980; x_wconf 76' lang='lat' dir='ltr'>natura</span> <span class='ocrx_word' id='word_1_167' title='bbox 841 1931 883 1980; x_wconf 87' lang='lat' dir='ltr'>est</span> <span class='ocrx_word' id='word_1_168' title='bbox 898 1924 993 1980; x_wconf 89' lang='lat' dir='ltr'>eadem</span> <span class='ocrx_word' id='word_1_169' title='bbox 1009 1940 1040 1978; x_wconf 89' lang='lat' dir='ltr'>ac</span> <span class='ocrx_word' id='word_1_170' title='bbox 1055 1922 1131 1996; x_wconf 92' lang='lat' dir='ltr'>prius</span> <span class='ocrx_word' id='word_1_171' title='bbox 1147 1922 1303 1992; x_wconf 81' lang='lat' dir='ltr'>formaliter,</span> <span class='ocrx_word' id='word_1_172' title='bbox 1315 1921 1383 1977; x_wconf 88' lang='lat' dir='ltr'>licet</span> 
     </span>
     <span class='ocr_line' id='line_1_19' title="bbox 278 2008 1382 2080; baseline -0.004 -14"><span class='ocrx_word' id='word_1_173' title='bbox 278 2011 454 2066; x_wconf 87' lang='lat' dir='ltr'>materialiter</span> <span class='ocrx_word' id='word_1_174' title='bbox 471 2018 500 2067; x_wconf 91' lang='lat' dir='ltr'>et</span> <span class='ocrx_word' id='word_1_175' title='bbox 517 2012 719 2068; x_wconf 83' lang='lat' dir='ltr'>accidentaliter</span> <span class='ocrx_word' id='word_1_176' title='bbox 736 2012 815 2066; x_wconf 90' lang='lat' dir='ltr'>aliter</span> <span class='ocrx_word' id='word_1_177' title='bbox 832 2029 861 2066; x_wconf 89' lang='lat' dir='ltr'>se</span> <span class='ocrx_word' id='word_1_178' title='bbox 878 2010 988 2065; x_wconf 88' lang='lat' dir='ltr'>habens.</span> <span class='ocrx_word' id='word_1_179' title='bbox 1025 2009 1107 2065; x_wconf 86' lang='lat' dir='ltr'>Unde</span> <span class='ocrx_word' id='word_1_180' title='bbox 1126 2014 1248 2064; x_wconf 75' lang='lat' dir='ltr'>mutatur</span> <span class='ocrx_word' id='word_1_181' title='bbox 1270 2008 1382 2080; x_wconf 87' lang='lat' dir='ltr'>quidem</span> 
     </span>
     <span class='ocr_line' id='line_1_20' title="bbox 278 2094 1382 2170; baseline -0.002 -20"><span class='ocrx_word' id='word_1_182' title='bbox 278 2096 390 2170; x_wconf 86' lang='lat' dir='ltr'>physice</span> <span class='ocrx_word' id='word_1_183' title='bbox 402 2116 522 2170; x_wconf 87' lang='lat' dir='ltr'>persona,</span> <span class='ocrx_word' id='word_1_184' title='bbox 534 2103 563 2153; x_wconf 91' lang='lat' dir='ltr'>at</span> <span class='ocrx_word' id='word_1_185' title='bbox 574 2117 629 2153; x_wconf 91' lang='lat' dir='ltr'>non</span> <span class='ocrx_word' id='word_1_186' title='bbox 640 2104 762 2153; x_wconf 90' lang='lat' dir='ltr'>mutatur</span> <span class='ocrx_word' id='word_1_187' title='bbox 774 2098 823 2153; x_wconf 89' lang='lat' dir='ltr'>sub</span> <span class='ocrx_word' id='word_1_188' title='bbox 835 2097 939 2152; x_wconf 87' lang='lat' dir='ltr'>ratione</span> <span class='ocrx_word' id='word_1_189' title='bbox 950 2094 1149 2170; x_wconf 83' lang='lat' dir='ltr'>personalitatis</span> <span class='ocrx_word' id='word_1_190' title='bbox 1160 2094 1214 2150; x_wconf 87' lang='lat' dir='ltr'>nisi</span> <span class='ocrx_word' id='word_1_191' title='bbox 1227 2094 1382 2150; x_wconf 87' lang='lat' dir='ltr'>accidenta-</span> 
     </span>
     <span class='ocr_line' id='line_1_21' title="bbox 278 2182 859 2257; baseline 0 -19"><span class='ocrx_word' id='word_1_192' title='bbox 278 2182 348 2254; x_wconf 88' lang='lat' dir='ltr'>liter,</span> <span class='ocrx_word' id='word_1_193' title='bbox 361 2183 468 2239; x_wconf 87' lang='lat' dir='ltr'>etiamsi</span> <span class='ocrx_word' id='word_1_194' title='bbox 479 2190 600 2240; x_wconf 90' lang='lat' dir='ltr'>mutetur</span> <span class='ocrx_word' id='word_1_195' title='bbox 611 2185 724 2239; x_wconf 91' lang='lat' dir='ltr'>materia</span> <span class='ocrx_word' id='word_1_196' title='bbox 735 2184 859 2257; x_wconf 90' lang='lat' dir='ltr'>corporis.</span> 
     </span>
    </p>

    <p class='ocr_par' dir='ltr' id='par_1_4' title="bbox 278 2267 1388 3375">
     <span class='ocr_line' id='line_1_22' title="bbox 315 2267 1383 2342; baseline -0.002 -18"><span class='ocrx_word' id='word_1_197' title='bbox 315 2269 397 2335; x_wconf 80' lang='lat' dir='ltr'>Quod</span> <span class='ocrx_word' id='word_1_198' title='bbox 408 2270 511 2326; x_wconf 88' lang='lat' dir='ltr'>dictum</span> <span class='ocrx_word' id='word_1_199' title='bbox 524 2275 566 2325; x_wconf 89' lang='lat' dir='ltr'>est</span> <span class='ocrx_word' id='word_1_200' title='bbox 577 2271 610 2325; x_wconf 93' lang='lat' dir='ltr'>de</span> <span class='ocrx_word' id='word_1_201' title='bbox 621 2287 735 2342; x_wconf 89' lang='lat' dir='ltr'>persona</span> <span class='ocrx_word' id='word_1_202' title='bbox 745 2269 871 2339; x_wconf 90' lang='lat' dir='ltr'>hominis,</span> <span class='ocrx_word' id='word_1_203' title='bbox 880 2270 955 2325; x_wconf 86' lang='lat' dir='ltr'>valet</span> <span class='ocrx_word' id='word_1_204' title='bbox 967 2268 1050 2322; x_wconf 91' lang='lat' dir='ltr'>etiam</span> <span class='ocrx_word' id='word_1_205' title='bbox 1062 2268 1096 2323; x_wconf 89' lang='lat' dir='ltr'>de</span> <span class='ocrx_word' id='word_1_206' title='bbox 1107 2267 1245 2340; x_wconf 89' lang='lat' dir='ltr'>supposito</span> <span class='ocrx_word' id='word_1_207' title='bbox 1253 2267 1283 2321; x_wconf 92' lang='lat' dir='ltr'>in</span> <span class='ocrx_word' id='word_1_208' title='bbox 1293 2267 1383 2322; x_wconf 91' lang='lat' dir='ltr'>omni-</span> 
     </span>
     <span class='ocr_line' id='line_1_23' title="bbox 278 2354 1382 2428; baseline -0.005 -16"><span class='ocrx_word' id='word_1_209' title='bbox 278 2355 330 2412; x_wconf 91' lang='lat' dir='ltr'>bus</span> <span class='ocrx_word' id='word_1_210' title='bbox 344 2356 516 2426; x_wconf 81' lang='lat' dir='ltr'>animalibus,</span> <span class='ocrx_word' id='word_1_211' title='bbox 529 2357 594 2428; x_wconf 86' lang='lat' dir='ltr'>quia</span> <span class='ocrx_word' id='word_1_212' title='bbox 610 2374 690 2412; x_wconf 90' lang='lat' dir='ltr'>omne</span> <span class='ocrx_word' id='word_1_213' title='bbox 708 2354 808 2412; x_wconf 88' lang='lat' dir='ltr'>animal</span> <span class='ocrx_word' id='word_1_214' title='bbox 825 2355 1000 2411; x_wconf 89' lang='lat' dir='ltr'>constituitur</span> <span class='ocrx_word' id='word_1_215' title='bbox 1016 2373 1060 2410; x_wconf 83' lang='lat' dir='ltr'>cns</span> <span class='ocrx_word' id='word_1_216' title='bbox 1072 2373 1124 2425; x_wconf 78' lang='lat' dir='ltr'>per</span> <span class='ocrx_word' id='word_1_217' title='bbox 1140 2373 1167 2408; x_wconf 84' lang='lat' dir='ltr'>sc</span> <span class='ocrx_word' id='word_1_218' title='bbox 1183 2372 1232 2426; x_wconf 92' lang='lat' dir='ltr'>per</span> <span class='ocrx_word' id='word_1_219' title='bbox 1244 2354 1382 2427; x_wconf 91' lang='lat' dir='ltr'>conspira-</span> 
     </span>
     <span class='ocr_line' id='line_1_24' title="bbox 280 2433 1384 2515; baseline 0 -19"><span class='ocrx_word' id='word_1_220' title='bbox 280 2442 384 2496; x_wconf 88' lang='lat' dir='ltr'>tionem</span> <span class='ocrx_word' id='word_1_221' title='bbox 396 2442 495 2497; x_wconf 77' lang='lat' dir='ltr'>animre</span> <span class='ocrx_word' id='word_1_222' title='bbox 512 2461 575 2497; x_wconf 92' lang='lat' dir='ltr'>cum</span> <span class='ocrx_word' id='word_1_223' title='bbox 593 2433 748 2515; x_wconf 66' lang='lat' dir='ltr'>corpore‘in</span> <span class='ocrx_word' id='word_1_224' title='bbox 765 2460 850 2496; x_wconf 89' lang='lat' dir='ltr'>unum</span> <span class='ocrx_word' id='word_1_225' title='bbox 861 2443 964 2497; x_wconf 86' lang='lat' dir='ltr'>vivens.</span> <span class='ocrx_word' id='word_1_226' title='bbox 1001 2441 1056 2496; x_wconf 87' lang='lat' dir='ltr'>Sed</span> <span class='ocrx_word' id='word_1_227' title='bbox 1073 2439 1168 2512; x_wconf 88' lang='lat' dir='ltr'>nequit</span> <span class='ocrx_word' id='word_1_228' title='bbox 1185 2441 1259 2495; x_wconf 89' lang='lat' dir='ltr'>idem</span> <span class='ocrx_word' id='word_1_229' title='bbox 1276 2441 1331 2496; x_wconf 91' lang='lat' dir='ltr'>dici</span> <span class='ocrx_word' id='word_1_230' title='bbox 1349 2442 1384 2496; x_wconf 92' lang='lat' dir='ltr'>de</span> 
     </span>
     <span class='ocr_line' id='line_1_25' title="bbox 281 2527 1383 2601; baseline -0.001 -18"><span class='ocrx_word' id='word_1_231' title='bbox 281 2527 352 2599; x_wconf 85' lang='lat' dir='ltr'>aliis,</span> <span class='ocrx_word' id='word_1_232' title='bbox 363 2528 394 2582; x_wconf 92' lang='lat' dir='ltr'>in</span> <span class='ocrx_word' id='word_1_233' title='bbox 410 2529 508 2601; x_wconf 89' lang='lat' dir='ltr'>quibus</span> <span class='ocrx_word' id='word_1_234' title='bbox 526 2529 613 2584; x_wconf 84' lang='lat' dir='ltr'>forma</span> <span class='ocrx_word' id='word_1_235' title='bbox 629 2530 696 2585; x_wconf 90' lang='lat' dir='ltr'>dans</span> <span class='ocrx_word' id='word_1_236' title='bbox 713 2529 847 2584; x_wconf 87' lang='lat' dir='ltr'>unitatem</span> <span class='ocrx_word' id='word_1_237' title='bbox 864 2528 1012 2600; x_wconf 89' lang='lat' dir='ltr'>composito</span> <span class='ocrx_word' id='word_1_238' title='bbox 1028 2532 1070 2582; x_wconf 88' lang='lat' dir='ltr'>est</span> <span class='ocrx_word' id='word_1_239' title='bbox 1082 2527 1262 2583; x_wconf 88' lang='lat' dir='ltr'>accidentalis.</span> <span class='ocrx_word' id='word_1_240' title='bbox 1298 2527 1383 2583; x_wconf 86' lang='lat' dir='ltr'>Ratio</span> 
     </span>
     <span class='ocr_line' id='line_1_26' title="bbox 282 2605 1384 2689; baseline -0.001 -19"><span class='ocrx_word' id='word_1_241' title='bbox 282 2619 331 2684; x_wconf 89' lang='lat' dir='ltr'>est,</span> <span class='ocrx_word' id='word_1_242' title='bbox 343 2615 408 2686; x_wconf 86' lang='lat' dir='ltr'>quia</span> <span class='ocrx_word' id='word_1_243' title='bbox 418 2615 447 2668; x_wconf 91' lang='lat' dir='ltr'>in</span> <span class='ocrx_word' id='word_1_244' title='bbox 458 2615 509 2671; x_wconf 84' lang='lat' dir='ltr'>tali</span> <span class='ocrx_word' id='word_1_245' title='bbox 520 2616 668 2689; x_wconf 90' lang='lat' dir='ltr'>composito</span> <span class='ocrx_word' id='word_1_246' title='bbox 680 2615 782 2672; x_wconf 92' lang='lat' dir='ltr'>additio</span> <span class='ocrx_word' id='word_1_247' title='bbox 794 2616 839 2671; x_wconf 88' lang='lat' dir='ltr'>vel</span> <span class='ocrx_word' id='word_1_248' title='bbox 850 2615 996 2671; x_wconf 88' lang='lat' dir='ltr'>subtractio</span> <span class='ocrx_word' id='word_1_249' title='bbox 1008 2615 1129 2670; x_wconf 82' lang='lat' dir='ltr'>materies</span> <span class='ocrx_word' id='word_1_250' title='bbox 1147 2605 1202 2668; x_wconf 87' lang='lat' dir='ltr'>non</span> <span class='ocrx_word' id='word_1_251' title='bbox 1219 2619 1309 2687; x_wconf 89' lang='lat' dir='ltr'>potest</span> <span class='ocrx_word' id='word_1_252' title='bbox 1324 2615 1384 2669; x_wconf 85' lang='lat' dir='ltr'>lieri</span> 
     </span>
     <span class='ocr_line' id='line_1_27' title="bbox 282 2695 1385 2776; baseline 0 -20"><span class='ocrx_word' id='word_1_253' title='bbox 282 2702 348 2775; x_wconf 89' lang='lat' dir='ltr'>quin</span> <span class='ocrx_word' id='word_1_254' title='bbox 366 2701 452 2757; x_wconf 84' lang='lat' dir='ltr'>forma</span> <span class='ocrx_word' id='word_1_255' title='bbox 469 2702 619 2774; x_wconf 88' lang='lat' dir='ltr'>compositi,</span> <span class='ocrx_word' id='word_1_256' title='bbox 631 2702 660 2756; x_wconf 91' lang='lat' dir='ltr'>id</span> <span class='ocrx_word' id='word_1_257' title='bbox 677 2708 720 2758; x_wconf 86' lang='lat' dir='ltr'>est</span> <span class='ocrx_word' id='word_1_258' title='bbox 736 2695 896 2776; x_wconf 81' lang='lat' dir='ltr'>compositio</span> <span class='ocrx_word' id='word_1_259' title='bbox 913 2702 962 2756; x_wconf 89' lang='lat' dir='ltr'>fiat</span> <span class='ocrx_word' id='word_1_260' title='bbox 979 2701 1048 2755; x_wconf 85' lang='lat' dir='ltr'>aha:</span> <span class='ocrx_word' id='word_1_261' title='bbox 1078 2701 1108 2755; x_wconf 91' lang='lat' dir='ltr'>in</span> <span class='ocrx_word' id='word_1_262' title='bbox 1125 2701 1275 2774; x_wconf 88' lang='lat' dir='ltr'>composito</span> <span class='ocrx_word' id='word_1_263' title='bbox 1292 2707 1385 2756; x_wconf 88' lang='lat' dir='ltr'>autem</span> 
     </span>
     <span class='ocr_line' id='line_1_28' title="bbox 282 2789 1385 2863; baseline 0 -19"><span class='ocrx_word' id='word_1_264' title='bbox 282 2791 355 2863; x_wconf 93' lang='lat' dir='ltr'>quod</span> <span class='ocrx_word' id='word_1_265' title='bbox 371 2808 427 2846; x_wconf 93' lang='lat' dir='ltr'>non</span> <span class='ocrx_word' id='word_1_266' title='bbox 444 2791 529 2845; x_wconf 89' lang='lat' dir='ltr'>habet</span> <span class='ocrx_word' id='word_1_267' title='bbox 541 2791 697 2846; x_wconf 89' lang='lat' dir='ltr'>ulteriorem</span> <span class='ocrx_word' id='word_1_268' title='bbox 716 2791 830 2846; x_wconf 85' lang='lat' dir='ltr'>formam</span> <span class='ocrx_word' id='word_1_269' title='bbox 847 2789 1030 2858; x_wconf 87' lang='lat' dir='ltr'>unificantern,</span> <span class='ocrx_word' id='word_1_270' title='bbox 1048 2794 1145 2862; x_wconf 80' lang='lat' dir='ltr'>prester</span> <span class='ocrx_word' id='word_1_271' title='bbox 1162 2789 1385 2862; x_wconf 87' lang='lat' dir='ltr'>compositionem</span> 
     </span>
     <span class='ocr_line' id='line_1_29' title="bbox 283 2875 1386 2949; baseline -0.001 -18"><span class='ocrx_word' id='word_1_272' title='bbox 283 2877 410 2949; x_wconf 89' lang='lat' dir='ltr'>partium,</span> <span class='ocrx_word' id='word_1_273' title='bbox 423 2882 545 2932; x_wconf 88' lang='lat' dir='ltr'>mutatur</span> <span class='ocrx_word' id='word_1_274' title='bbox 555 2877 654 2948; x_wconf 88' lang='lat' dir='ltr'>unitas,</span> <span class='ocrx_word' id='word_1_275' title='bbox 665 2881 770 2932; x_wconf 90' lang='lat' dir='ltr'>mutata</span> <span class='ocrx_word' id='word_1_276' title='bbox 780 2878 832 2932; x_wconf 90' lang='lat' dir='ltr'>hac</span> <span class='ocrx_word' id='word_1_277' title='bbox 844 2877 944 2931; x_wconf 85' lang='lat' dir='ltr'>forms:</span> <span class='ocrx_word' id='word_1_278' title='bbox 963 2877 1037 2948; x_wconf 89' lang='lat' dir='ltr'>quod</span> <span class='ocrx_word' id='word_1_279' title='bbox 1048 2894 1103 2931; x_wconf 91' lang='lat' dir='ltr'>non</span> <span class='ocrx_word' id='word_1_280' title='bbox 1114 2875 1214 2932; x_wconf 88' lang='lat' dir='ltr'>accidit</span> <span class='ocrx_word' id='word_1_281' title='bbox 1225 2876 1254 2930; x_wconf 94' lang='lat' dir='ltr'>in</span> <span class='ocrx_word' id='word_1_282' title='bbox 1266 2876 1386 2946; x_wconf 82' lang='lat' dir='ltr'>animali,</span> 
     </span>
     <span class='ocr_line' id='line_1_30' title="bbox 284 2962 1387 3038; baseline -0.001 -21"><span class='ocrx_word' id='word_1_283' title='bbox 284 2962 361 3018; x_wconf 89' lang='lat' dir='ltr'>cuius</span> <span class='ocrx_word' id='word_1_284' title='bbox 373 2963 459 3018; x_wconf 80' lang='lat' dir='ltr'>forma</span> <span class='ocrx_word' id='word_1_285' title='bbox 469 2982 524 3018; x_wconf 93' lang='lat' dir='ltr'>non</span> <span class='ocrx_word' id='word_1_286' title='bbox 536 2969 578 3018; x_wconf 91' lang='lat' dir='ltr'>est</span> <span class='ocrx_word' id='word_1_287' title='bbox 589 2964 749 3036; x_wconf 87' lang='lat' dir='ltr'>compositio</span> <span class='ocrx_word' id='word_1_288' title='bbox 764 2963 889 3036; x_wconf 87' lang='lat' dir='ltr'>partium,</span> <span class='ocrx_word' id='word_1_289' title='bbox 903 2963 951 3018; x_wconf 88' lang='lat' dir='ltr'>sed</span> <span class='ocrx_word' id='word_1_290' title='bbox 967 2963 1064 3018; x_wconf 88' lang='lat' dir='ltr'>anima</span> <span class='ocrx_word' id='word_1_291' title='bbox 1101 2963 1140 3016; x_wconf 89' lang='lat' dir='ltr'>Et</span> <span class='ocrx_word' id='word_1_292' title='bbox 1156 2963 1217 3018; x_wconf 91' lang='lat' dir='ltr'>ideo</span> <span class='ocrx_word' id='word_1_293' title='bbox 1234 2963 1303 3018; x_wconf 91' lang='lat' dir='ltr'>ratio</span> <span class='ocrx_word' id='word_1_294' title='bbox 1321 2981 1387 3038; x_wconf 88' lang='lat' dir='ltr'>snp-</span> 
     </span>
     <span class='ocr_line' id='line_1_31' title="bbox 284 3046 1388 3121; baseline 0.004 -21"><span class='ocrx_word' id='word_1_295' title='bbox 284 3046 367 3118; x_wconf 87' lang='lat' dir='ltr'>positi</span> <span class='ocrx_word' id='word_1_296' title='bbox 384 3066 438 3102; x_wconf 91' lang='lat' dir='ltr'>non</span> <span class='ocrx_word' id='word_1_297' title='bbox 454 3048 571 3119; x_wconf 86' lang='lat' dir='ltr'>pertinet</span> <span class='ocrx_word' id='word_1_298' title='bbox 586 3049 621 3102; x_wconf 86' lang='lat' dir='ltr'>ad</span> <span class='ocrx_word' id='word_1_299' title='bbox 638 3049 817 3121; x_wconf 91' lang='lat' dir='ltr'>compositum</span> <span class='ocrx_word' id='word_1_300' title='bbox 834 3048 972 3102; x_wconf 87' lang='lat' dir='ltr'>materiale</span> <span class='ocrx_word' id='word_1_301' title='bbox 986 3047 1040 3102; x_wconf 91' lang='lat' dir='ltr'>nisi</span> <span class='ocrx_word' id='word_1_302' title='bbox 1057 3065 1088 3102; x_wconf 91' lang='lat' dir='ltr'>eo</span> <span class='ocrx_word' id='word_1_303' title='bbox 1100 3048 1181 3102; x_wconf 90' lang='lat' dir='ltr'>modo</span> <span class='ocrx_word' id='word_1_304' title='bbox 1193 3066 1247 3121; x_wconf 91' lang='lat' dir='ltr'>quo</span> <span class='ocrx_word' id='word_1_305' title='bbox 1259 3049 1388 3105; x_wconf 83' lang='lat' dir='ltr'>convenit</span> 
     </span>
     <span class='ocr_line' id='line_1_32' title="bbox 284 3133 1387 3209; baseline 0.002 -21"><span class='ocrx_word' id='word_1_306' title='bbox 284 3133 326 3188; x_wconf 91' lang='lat' dir='ltr'>illi</span> <span class='ocrx_word' id='word_1_307' title='bbox 338 3150 395 3187; x_wconf 90' lang='lat' dir='ltr'>csse</span> <span class='ocrx_word' id='word_1_308' title='bbox 407 3133 600 3188; x_wconf 83' lang='lat' dir='ltr'>substantiam:</span> <span class='ocrx_word' id='word_1_309' title='bbox 610 3133 691 3189; x_wconf 67' lang='lat' dir='ltr'>&#39;sicut</span> <span class='ocrx_word' id='word_1_310' title='bbox 702 3134 776 3189; x_wconf 92' lang='lat' dir='ltr'>enim</span> <span class='ocrx_word' id='word_1_311' title='bbox 784 3139 895 3189; x_wconf 79' lang='lat' dir='ltr'>vocatuu</span> <span class='ocrx_word' id='word_1_312' title='bbox 906 3133 1063 3203; x_wconf 86' lang='lat' dir='ltr'>substantia,</span> <span class='ocrx_word' id='word_1_313' title='bbox 1080 3134 1143 3206; x_wconf 86' lang='lat' dir='ltr'>quia</span> <span class='ocrx_word' id='word_1_314' title='bbox 1164 3134 1278 3207; x_wconf 82' lang='lat' dir='ltr'>singulas</span> <span class='ocrx_word' id='word_1_315' title='bbox 1295 3141 1387 3209; x_wconf 87' lang='lat' dir='ltr'>partes</span> 
     </span>
     <span class='ocr_line' id='line_1_33' title="bbox 283 3217 1388 3296; baseline 0.005 -24"><span class='ocrx_word' id='word_1_316' title='bbox 283 3219 345 3272; x_wconf 90' lang='lat' dir='ltr'>eius</span> <span class='ocrx_word' id='word_1_317' title='bbox 362 3223 427 3296; x_wconf 82' lang='lat' dir='ltr'>sunt</span> <span class='ocrx_word' id='word_1_318' title='bbox 443 3217 610 3288; x_wconf 81' lang='lat' dir='ltr'>substantiae,</span> <span class='ocrx_word' id='word_1_319' title='bbox 623 3219 664 3274; x_wconf 85' lang='lat' dir='ltr'>ita</span> <span class='ocrx_word' id='word_1_320' title='bbox 679 3223 792 3276; x_wconf 85' lang='lat' dir='ltr'>vocatur</span> <span class='ocrx_word' id='word_1_321' title='bbox 808 3219 987 3293; x_wconf 89' lang='lat' dir='ltr'>suppositum,</span> <span class='ocrx_word' id='word_1_322' title='bbox 1000 3219 1064 3292; x_wconf 90' lang='lat' dir='ltr'>quia</span> <span class='ocrx_word' id='word_1_323' title='bbox 1084 3219 1199 3292; x_wconf 80' lang='lat' dir='ltr'>singulae</span> <span class='ocrx_word' id='word_1_324' title='bbox 1217 3219 1276 3276; x_wconf 80' lang='lat' dir='ltr'>sirus</span> <span class='ocrx_word' id='word_1_325' title='bbox 1296 3226 1388 3294; x_wconf 83' lang='lat' dir='ltr'>partes</span> 
     </span>
     <span class='ocr_line' id='line_1_34' title="bbox 286 3303 643 3375; baseline -0.006 -15"><span class='ocrx_word' id='word_1_326' title='bbox 286 3309 349 3360; x_wconf 83' lang='lat' dir='ltr'>sunt</span> <span class='ocrx_word' id='word_1_327' title='bbox 361 3303 499 3375; x_wconf 88' lang='lat' dir='ltr'>supposita</span> <span class='ocrx_word' id='word_1_328' title='bbox 511 3304 643 3375; x_wconf 84' lang='lat' dir='ltr'>quaedam.</span> 
     </span>
    </p>

    <p class='ocr_par' dir='ltr' id='par_1_5' title="bbox 287 3390 1390 3740">
     <span class='ocr_line' id='line_1_35' title="bbox 321 3390 1389 3466; baseline 0.006 -22"><span class='ocrx_word' id='word_1_329' title='bbox 321 3390 363 3445; x_wconf 83' lang='lat'>57.</span> <span class='ocrx_word' id='word_1_330' title='bbox 382 3391 440 3444; x_wconf 66' lang='lat' dir='ltr'>aas</span> <span class='ocrx_word' id='word_1_331' title='bbox 446 3409 498 3462; x_wconf 81' lang='lat' dir='ltr'>per</span> <span class='ocrx_word' id='word_1_332' title='bbox 508 3391 587 3445; x_wconf 64' lang='lat' dir='ltr'>aad.</span> <span class='ocrx_word' id='word_1_333' title='bbox 624 3390 732 3447; x_wconf 86' lang='lat' dir='ltr'>Dicitur</span> <span class='ocrx_word' id='word_1_334' title='bbox 744 3409 800 3448; x_wconf 89' lang='lat' dir='ltr'>esse</span> <span class='ocrx_word' id='word_1_335' title='bbox 808 3411 858 3463; x_wconf 81' lang='lat' dir='ltr'>per</span> <span class='ocrx_word' id='word_1_336' title='bbox 876 3393 949 3448; x_wconf 76' lang='lat' dir='ltr'>aliod</span> <span class='ocrx_word' id='word_1_337' title='bbox 964 3393 994 3448; x_wconf 91' lang='lat' dir='ltr'>id</span> <span class='ocrx_word' id='word_1_338' title='bbox 1012 3393 1085 3466; x_wconf 91' lang='lat' dir='ltr'>quod</span> <span class='ocrx_word' id='word_1_339' title='bbox 1102 3393 1136 3448; x_wconf 89' lang='lat' dir='ltr'>de</span> <span class='ocrx_word' id='word_1_340' title='bbox 1154 3411 1182 3448; x_wconf 90' lang='lat' dir='ltr'>se</span> <span class='ocrx_word' id='word_1_341' title='bbox 1200 3399 1273 3450; x_wconf 90' lang='lat' dir='ltr'>caret</span> <span class='ocrx_word' id='word_1_342' title='bbox 1289 3394 1389 3450; x_wconf 88' lang='lat' dir='ltr'>ultimo</span> 
     </span>
     <span class='ocr_line' id='line_1_36' title="bbox 287 3472 1389 3553; baseline 0.004 -21"><span class='ocrx_word' id='word_1_343' title='bbox 287 3478 493 3551; x_wconf 84' lang='lat' dir='ltr'>complemento,</span> <span class='ocrx_word' id='word_1_344' title='bbox 506 3484 534 3533; x_wconf 91' lang='lat' dir='ltr'>et</span> <span class='ocrx_word' id='word_1_345' title='bbox 550 3475 612 3533; x_wconf 91' lang='lat' dir='ltr'>ideo</span> <span class='ocrx_word' id='word_1_346' title='bbox 629 3484 708 3534; x_wconf 82' lang='lat' dir='ltr'>entra</span> <span class='ocrx_word' id='word_1_347' title='bbox 724 3497 753 3534; x_wconf 91' lang='lat' dir='ltr'>se</span> <span class='ocrx_word' id='word_1_348' title='bbox 771 3479 859 3535; x_wconf 91' lang='lat' dir='ltr'>tendit</span> <span class='ocrx_word' id='word_1_349' title='bbox 876 3485 908 3534; x_wconf 90' lang='lat' dir='ltr'>ut</span> <span class='ocrx_word' id='word_1_350' title='bbox 925 3472 1091 3552; x_wconf 72' lang='lat' dir='ltr'>compleatur</span> <span class='ocrx_word' id='word_1_351' title='bbox 1104 3498 1153 3553; x_wconf 87' lang='lat' dir='ltr'>per</span> <span class='ocrx_word' id='word_1_352' title='bbox 1163 3481 1245 3536; x_wconf 86' lang='lat' dir='ltr'>aliud.</span> <span class='ocrx_word' id='word_1_353' title='bbox 1281 3479 1389 3536; x_wconf 88' lang='lat' dir='ltr'>Huius-</span> 
     </span>
     <span class='ocr_line' id='line_1_37' title="bbox 287 3565 1390 3640; baseline 0.004 -21"><span class='ocrx_word' id='word_1_354' title='bbox 287 3565 362 3620; x_wconf 90' lang='lat' dir='ltr'>modi</span> <span class='ocrx_word' id='word_1_355' title='bbox 374 3570 416 3620; x_wconf 87' lang='lat' dir='ltr'>est</span> <span class='ocrx_word' id='word_1_356' title='bbox 427 3583 506 3620; x_wconf 91' lang='lat' dir='ltr'>omne</span> <span class='ocrx_word' id='word_1_357' title='bbox 518 3565 670 3621; x_wconf 78' lang='lat' dir='ltr'>relativum</span> <span class='ocrx_word' id='word_1_358' title='bbox 708 3565 755 3621; x_wconf 85' lang='lat' dir='ltr'>Sic</span> <span class='ocrx_word' id='word_1_359' title='bbox 766 3566 848 3620; x_wconf 91' lang='lat' dir='ltr'>homo</span> <span class='ocrx_word' id='word_1_360' title='bbox 860 3584 914 3620; x_wconf 92' lang='lat' dir='ltr'>non</span> <span class='ocrx_word' id='word_1_361' title='bbox 926 3584 974 3639; x_wconf 92' lang='lat' dir='ltr'>per</span> <span class='ocrx_word' id='word_1_362' title='bbox 985 3584 1013 3620; x_wconf 90' lang='lat' dir='ltr'>se</span> <span class='ocrx_word' id='word_1_363' title='bbox 1025 3572 1067 3621; x_wconf 88' lang='lat' dir='ltr'>est</span> <span class='ocrx_word' id='word_1_364' title='bbox 1077 3570 1162 3638; x_wconf 90' lang='lat' dir='ltr'>pater,</span> <span class='ocrx_word' id='word_1_365' title='bbox 1174 3566 1222 3621; x_wconf 89' lang='lat' dir='ltr'>sed</span> <span class='ocrx_word' id='word_1_366' title='bbox 1232 3585 1280 3640; x_wconf 90' lang='lat' dir='ltr'>per</span> <span class='ocrx_word' id='word_1_367' title='bbox 1291 3567 1390 3636; x_wconf 90' lang='lat' dir='ltr'>filium,</span> 
     </span>
     <span class='ocr_line' id='line_1_38' title="bbox 290 3651 1352 3740; baseline 0.002 -34"><span class='ocrx_word' id='word_1_368' title='bbox 290 3656 319 3706; x_wconf 90' lang='lat' dir='ltr'>et</span> <span class='ocrx_word' id='word_1_369' title='bbox 330 3652 424 3707; x_wconf 84' lang='lat' dir='ltr'>album&#39;</span> <span class='ocrx_word' id='word_1_370' title='bbox 433 3669 488 3706; x_wconf 91' lang='lat' dir='ltr'>non</span> <span class='ocrx_word' id='word_1_371' title='bbox 499 3669 548 3724; x_wconf 89' lang='lat' dir='ltr'>per</span> <span class='ocrx_word' id='word_1_372' title='bbox 559 3669 587 3706; x_wconf 88' lang='lat' dir='ltr'>se</span> <span class='ocrx_word' id='word_1_373' title='bbox 600 3657 641 3707; x_wconf 89' lang='lat' dir='ltr'>est</span> <span class='ocrx_word' id='word_1_374' title='bbox 652 3651 750 3724; x_wconf 88' lang='lat' dir='ltr'>simile,</span> <span class='ocrx_word' id='word_1_375' title='bbox 762 3653 809 3706; x_wconf 89' lang='lat' dir='ltr'>sed</span> <span class='ocrx_word' id='word_1_376' title='bbox 820 3671 869 3725; x_wconf 89' lang='lat' dir='ltr'>per</span> <span class='ocrx_word' id='word_1_377' title='bbox 880 3652 954 3708; x_wconf 89' lang='lat' dir='ltr'>aliud</span> <span class='ocrx_word' id='word_1_378' title='bbox 966 3653 1058 3707; x_wconf 89' lang='lat' dir='ltr'>album</span> <span class='ocrx_word' id='word_1_379' title='bbox 1071 3653 1133 3724; x_wconf 90' lang='lat' dir='ltr'>(VI.</span> <span class='ocrx_word' id='word_1_380' title='bbox 1146 3671 1172 3708; x_wconf 91' lang='lat' dir='ltr'>n.</span> <span class='ocrx_word' id='word_1_381' title='bbox 1185 3654 1243 3726; x_wconf 85' lang='lat'>46).</span> <span class='ocrx_word' id='word_1_382' title='bbox 1336 3707 1352 3740; x_wconf 48' lang='grc' dir='ltr'><strong>ο</strong></span> 
     </span>
    </p>

    <p class='ocr_par' dir='ltr' id='par_1_6' title="bbox 289 3738 1394 4411">
     <span class='ocr_line' id='line_1_39' title="bbox 322 3738 1391 3811; baseline 0.006 -20"><span class='ocrx_word' id='word_1_383' title='bbox 322 3738 380 3792; x_wconf 86' lang='lat' dir='ltr'>Ena</span> <span class='ocrx_word' id='word_1_384' title='bbox 391 3755 439 3810; x_wconf 88' lang='lat' dir='ltr'>per</span> <span class='ocrx_word' id='word_1_385' title='bbox 450 3738 524 3792; x_wconf 88' lang='lat' dir='ltr'>aliud</span> <span class='ocrx_word' id='word_1_386' title='bbox 536 3743 578 3793; x_wconf 84' lang='lat' dir='ltr'>est</span> <span class='ocrx_word' id='word_1_387' title='bbox 589 3739 657 3793; x_wconf 91' lang='lat' dir='ltr'>illud</span> <span class='ocrx_word' id='word_1_388' title='bbox 669 3740 740 3794; x_wconf 74' lang='lat' dir='ltr'>cadas</span> <span class='ocrx_word' id='word_1_389' title='bbox 751 3745 833 3794; x_wconf 78' lang='lat' dir='ltr'>totum</span> <span class='ocrx_word' id='word_1_390' title='bbox 845 3746 945 3794; x_wconf 83' lang='lat' dir='ltr'>esseest</span> <span class='ocrx_word' id='word_1_391' title='bbox 957 3742 994 3793; x_wconf 85' lang='lat' dir='ltr'>ad</span> <span class='ocrx_word' id='word_1_392' title='bbox 1003 3739 1076 3794; x_wconf 69' lang='lat' dir='ltr'>aliud</span> <span class='ocrx_word' id='word_1_393' title='bbox 1085 3758 1111 3794; x_wconf 84' lang='lat' dir='ltr'>se</span> <span class='ocrx_word' id='word_1_394' title='bbox 1122 3740 1230 3811; x_wconf 61' lang='lat' dir='ltr'>dotem</span> <span class='ocrx_word' id='word_1_395' title='bbox 1249 3741 1391 3797; x_wconf 81' lang='lat' dir='ltr'>haecenim</span> 
     </span>
     <span class='ocr_line' id='line_1_40' title="bbox 289 3821 1392 3896; baseline 0.004 -17"><span class='ocrx_word' id='word_1_396' title='bbox 289 3829 331 3879; x_wconf 86' lang='lat' dir='ltr'>est</span> <span class='ocrx_word' id='word_1_397' title='bbox 342 3824 464 3879; x_wconf 85' lang='lat' dir='ltr'>delinitio</span> <span class='ocrx_word' id='word_1_398' title='bbox 473 3825 544 3880; x_wconf 89' lang='lat' dir='ltr'>entis</span> <span class='ocrx_word' id='word_1_399' title='bbox 554 3825 669 3880; x_wconf 89' lang='lat' dir='ltr'>relativi.</span> <span class='ocrx_word' id='word_1_400' title='bbox 698 3825 791 3891; x_wconf 78' lang='lat' dir='ltr'>Quum</span> <span class='ocrx_word' id='word_1_401' title='bbox 802 3831 894 3880; x_wconf 88' lang='lat' dir='ltr'>autem</span> <span class='ocrx_word' id='word_1_402' title='bbox 906 3844 985 3881; x_wconf 88' lang='lat' dir='ltr'>omne</span> <span class='ocrx_word' id='word_1_403' title='bbox 997 3844 1044 3881; x_wconf 89' lang='lat' dir='ltr'>ens</span> <span class='ocrx_word' id='word_1_404' title='bbox 1054 3827 1090 3881; x_wconf 88' lang='lat' dir='ltr'>sit</span> <span class='ocrx_word' id='word_1_405' title='bbox 1101 3821 1190 3896; x_wconf 71' lang='lat' dir='ltr'>eadm,</span> <span class='ocrx_word' id='word_1_406' title='bbox 1200 3827 1284 3882; x_wconf 88' lang='lat' dir='ltr'>etiam</span> <span class='ocrx_word' id='word_1_407' title='bbox 1294 3829 1392 3884; x_wconf 87' lang='lat' dir='ltr'>relatio</span> 
     </span>
     <span class='ocr_line' id='line_1_41' title="bbox 289 3911 1392 3986; baseline 0.005 -21"><span class='ocrx_word' id='word_1_408' title='bbox 289 3917 331 3966; x_wconf 87' lang='lat' dir='ltr'>est</span> <span class='ocrx_word' id='word_1_409' title='bbox 348 3911 414 3982; x_wconf 92' lang='lat' dir='ltr'>quid</span> <span class='ocrx_word' id='word_1_410' title='bbox 431 3929 522 3966; x_wconf 89' lang='lat' dir='ltr'>unum.</span> <span class='ocrx_word' id='word_1_411' title='bbox 558 3911 662 3984; x_wconf 90' lang='lat' dir='ltr'>Nequit</span> <span class='ocrx_word' id='word_1_412' title='bbox 673 3931 737 3968; x_wconf 88' lang='lat' dir='ltr'>vero</span> <span class='ocrx_word' id='word_1_413' title='bbox 754 3912 870 3968; x_wconf 89' lang='lat' dir='ltr'>inveniri</span> <span class='ocrx_word' id='word_1_414' title='bbox 887 3913 991 3986; x_wconf 89' lang='lat' dir='ltr'>aliquid</span> <span class='ocrx_word' id='word_1_415' title='bbox 1007 3913 1108 3968; x_wconf 84' lang='lat' dir='ltr'>faciens</span> <span class='ocrx_word' id='word_1_416' title='bbox 1125 3913 1258 3968; x_wconf 87' lang='lat' dir='ltr'>unitatem</span> <span class='ocrx_word' id='word_1_417' title='bbox 1275 3914 1306 3970; x_wconf 92' lang='lat' dir='ltr'>in</span> <span class='ocrx_word' id='word_1_418' title='bbox 1321 3916 1392 3971; x_wconf 90' lang='lat' dir='ltr'>rela-</span> 
     </span>
     <span class='ocr_line' id='line_1_42' title="bbox 290 3988 1392 4070; baseline 0.007 -20"><span class='ocrx_word' id='word_1_419' title='bbox 290 3996 372 4065; x_wconf 91' lang='lat' dir='ltr'>tione,</span> <span class='ocrx_word' id='word_1_420' title='bbox 385 4002 483 4069; x_wconf 76' lang='lat' dir='ltr'>prater</span> <span class='ocrx_word' id='word_1_421' title='bbox 494 3997 523 4052; x_wconf 92' lang='lat' dir='ltr'>id</span> <span class='ocrx_word' id='word_1_422' title='bbox 535 4015 588 4070; x_wconf 87' lang='lat' dir='ltr'>quo</span> <span class='ocrx_word' id='word_1_423' title='bbox 601 3998 752 4054; x_wconf 89' lang='lat' dir='ltr'>subiectum</span> <span class='ocrx_word' id='word_1_424' title='bbox 766 3999 904 4054; x_wconf 86' lang='lat' dir='ltr'>relationis</span> <span class='ocrx_word' id='word_1_425' title='bbox 920 3999 955 4053; x_wconf 89' lang='lat' dir='ltr'>ad</span> <span class='ocrx_word' id='word_1_426' title='bbox 970 3999 1116 4053; x_wconf 89' lang='lat' dir='ltr'>terminum</span> <span class='ocrx_word' id='word_1_427' title='bbox 1132 3988 1250 4054; x_wconf 86' lang='lat' dir='ltr'>eiusdem</span> <span class='ocrx_word' id='word_1_428' title='bbox 1270 4002 1392 4058; x_wconf 88' lang='lat' dir='ltr'>ordinem</span> 
     </span>
     <span class='ocr_line' id='line_1_43' title="bbox 291 4081 1391 4152; baseline 0.006 -17"><span class='ocrx_word' id='word_1_429' title='bbox 291 4081 366 4152; x_wconf 90' lang='lat' dir='ltr'>dicit,</span> <span class='ocrx_word' id='word_1_430' title='bbox 379 4088 408 4137; x_wconf 90' lang='lat' dir='ltr'>et</span> <span class='ocrx_word' id='word_1_431' title='bbox 421 4082 480 4138; x_wconf 89' lang='lat' dir='ltr'>vice</span> <span class='ocrx_word' id='word_1_432' title='bbox 497 4101 581 4138; x_wconf 85' lang='lat' dir='ltr'>versa</span> <span class='ocrx_word' id='word_1_433' title='bbox 618 4084 708 4150; x_wconf 73' lang='lat' dir='ltr'>Quare</span> <span class='ocrx_word' id='word_1_434' title='bbox 727 4083 878 4139; x_wconf 87' lang='lat' dir='ltr'>subiectum</span> <span class='ocrx_word' id='word_1_435' title='bbox 896 4088 924 4139; x_wconf 91' lang='lat' dir='ltr'>et</span> <span class='ocrx_word' id='word_1_436' title='bbox 941 4084 1072 4139; x_wconf 89' lang='lat' dir='ltr'>terminus</span> <span class='ocrx_word' id='word_1_437' title='bbox 1088 4083 1226 4140; x_wconf 90' lang='lat' dir='ltr'>relationis</span> <span class='ocrx_word' id='word_1_438' title='bbox 1242 4086 1346 4141; x_wconf 90' lang='lat' dir='ltr'>habent</span> <span class='ocrx_word' id='word_1_439' title='bbox 1363 4106 1391 4142; x_wconf 93' lang='lat' dir='ltr'>se</span> 
     </span>
     <span class='ocr_line' id='line_1_44' title="bbox 291 4169 1393 4243; baseline 0.005 -19"><span class='ocrx_word' id='word_1_440' title='bbox 291 4175 430 4240; x_wconf 89' lang='lat' dir='ltr'>tamquam</span> <span class='ocrx_word' id='word_1_441' title='bbox 441 4170 561 4239; x_wconf 87' lang='lat' dir='ltr'>materia,</span> <span class='ocrx_word' id='word_1_442' title='bbox 574 4177 602 4224; x_wconf 92' lang='lat' dir='ltr'>et</span> <span class='ocrx_word' id='word_1_443' title='bbox 619 4171 648 4225; x_wconf 90' lang='lat' dir='ltr'>id</span> <span class='ocrx_word' id='word_1_444' title='bbox 665 4189 713 4243; x_wconf 89' lang='lat' dir='ltr'>per</span> <span class='ocrx_word' id='word_1_445' title='bbox 723 4171 797 4243; x_wconf 92' lang='lat' dir='ltr'>quod</span> <span class='ocrx_word' id='word_1_446' title='bbox 808 4189 892 4225; x_wconf 90' lang='lat' dir='ltr'>unum</span> <span class='ocrx_word' id='word_1_447' title='bbox 905 4169 940 4225; x_wconf 90' lang='lat' dir='ltr'>ad</span> <span class='ocrx_word' id='word_1_448' title='bbox 951 4171 1026 4226; x_wconf 84' lang='lat' dir='ltr'>aliud</span> <span class='ocrx_word' id='word_1_449' title='bbox 1038 4169 1157 4225; x_wconf 78' lang='lat' dir='ltr'>trehitirr</span> <span class='ocrx_word' id='word_1_450' title='bbox 1167 4170 1249 4225; x_wconf 90' lang='lat' dir='ltr'>habet</span> <span class='ocrx_word' id='word_1_451' title='bbox 1261 4173 1393 4229; x_wconf 89' lang='lat' dir='ltr'>rationem</span> 
     </span>
     <span class='ocr_line' id='line_1_45' title="bbox 292 4255 1393 4328; baseline 0.006 -20"><span class='ocrx_word' id='word_1_452' title='bbox 292 4255 401 4310; x_wconf 85' lang='lat' dir='ltr'>formes:</span> <span class='ocrx_word' id='word_1_453' title='bbox 421 4261 453 4310; x_wconf 78' lang='lat' dir='ltr'>et&#39;</span> <span class='ocrx_word' id='word_1_454' title='bbox 466 4274 500 4309; x_wconf 88' lang='lat' dir='ltr'>ex</span> <span class='ocrx_word' id='word_1_455' title='bbox 517 4256 614 4310; x_wconf 89' lang='lat' dir='ltr'>horum</span> <span class='ocrx_word' id='word_1_456' title='bbox 632 4256 829 4328; x_wconf 87' lang='lat' dir='ltr'>conspiratione</span> <span class='ocrx_word' id='word_1_457' title='bbox 846 4256 961 4311; x_wconf 81' lang='lat' dir='ltr'>resudtat</span> <span class='ocrx_word' id='word_1_458' title='bbox 972 4257 1063 4310; x_wconf 83' lang='lat' dir='ltr'>unitas</span> <span class='ocrx_word' id='word_1_459' title='bbox 1075 4255 1220 4311; x_wconf 88' lang='lat' dir='ltr'>relationis.</span> <span class='ocrx_word' id='word_1_460' title='bbox 1257 4257 1317 4313; x_wconf 90' lang='lat' dir='ltr'>Iam</span> <span class='ocrx_word' id='word_1_461' title='bbox 1329 4278 1393 4315; x_wconf 82' lang='lat' dir='ltr'>vero</span> 
     </span>
     <span class='ocr_line' id='line_1_46' title="bbox 293 4339 1394 4411; baseline 0.006 -17"><span class='ocrx_word' id='word_1_462' title='bbox 293 4339 321 4399; x_wconf 92' lang='lat' dir='ltr'>id</span> <span class='ocrx_word' id='word_1_463' title='bbox 334 4358 388 4411; x_wconf 88' lang='lat' dir='ltr'>quo</span> <span class='ocrx_word' id='word_1_464' title='bbox 400 4340 552 4399; x_wconf 82' lang='lat' dir='ltr'>subiectum</span> <span class='ocrx_word' id='word_1_465' title='bbox 563 4342 680 4401; x_wconf 80' lang='lat' dir='ltr'>trahitur</span> <span class='ocrx_word' id='word_1_466' title='bbox 691 4342 726 4397; x_wconf 89' lang='lat' dir='ltr'>ad</span> <span class='ocrx_word' id='word_1_467' title='bbox 744 4342 890 4398; x_wconf 87' lang='lat' dir='ltr'>terminum</span> <span class='ocrx_word' id='word_1_468' title='bbox 908 4342 1007 4399; x_wconf 74' lang='lat' dir='ltr'>dicitur</span> <span class='ocrx_word' id='word_1_469' title='bbox 1022 4343 1229 4399; x_wconf 84' lang='lat' dir='ltr'>fundamentum</span> <span class='ocrx_word' id='word_1_470' title='bbox 1247 4345 1394 4404; x_wconf 71' lang='lat' dir='ltr'>relationis:</span> 
     </span>
    </p>
   </div>
   <div class='ocr_carea' id='block_1_3' title="bbox 0 0 1619 4982">
    <p class='ocr_par' dir='ltr' id='par_1_7' title="bbox 0 0 1619 4982">
     <span class='ocr_line' id='line_1_47' title="bbox 0 0 1619 4982; baseline 0 0"><span class='ocrx_word' id='word_1_471' title='bbox 0 0 1619 4982; x_wconf 95' lang='lat' dir='ltr'> </span> 
     </span>
    </p>
   </div>
  </div>
 </body>
</html>
