3222 4984
235 409 306 454 cae.
322 389 363 474 1.]
672 411 715 455 nn
732 411 899 456 insanire.
1277 389 1342 454 203

238 568 410 634 latitudinis
428 577 459 635 et
482 569 665 653 altitudinis,
681 583 762 638 caret
777 573 862 638 omni
882 571 980 637 limite
1001 570 1035 635 in
1057 591 1169 655 genere
1190 569 1340 635 mensio·

238 680 287 745 nis
302 687 442 762 tantum3
466 683 538 768 quia
559 706 596 748 ex
617 694 767 770 conceptu
782 684 966 750 extensionis
980 683 1014 747 hi
1029 682 1085 747 soli
1100 681 1214 746 limites
1228 704 1341 747 eruun-

240 803 311 875 tur,
334 817 397 859 nou
412 803 514 861 autem
529 807 610 861 caret
625 796 722 861 limite
730 799 763 861 in
773 797 839 861 aliis
850 791 1013 879 generibus
1021 819 1032 873 3
1055 802 1135 860 caret
1146 794 1229 859 enim
1238 816 1340 874 sensu,

241 905 314 986 vita,
329 907 513 991 cogitatione
528 916 560 972 et
575 908 641 972 aliis
657 909 836 988 innumeris,
852 931 921 994 quae
934 930 998 972 non
1012 908 1167 992 pertinent
1182 906 1222 971 ad
1235 927 1342 970 conce-

240 1026 330 1103 ptum
344 1021 529 1086 extensionis
544 1048 552 1088 :
577 1021 630 1085 sed
641 1043 704 1084 uon
713 1020 865 1085 limitatur
874 1019 1019 1100 extensio,
1031 1028 1183 1105 quatenus
1197 1020 1277 1098 talis,
1287 1042 1342 1104 per

241 1132 406 1196 carentiam
422 1155 529 1198 sensus
544 1141 612 1212 eta,
628 1133 682 1198 sed
696 1141 816 1197 tantum
839 1133 1041 1216 distinguitur
1060 1141 1224 1216 conceptus
1238 1141 1341 1196 exten·

242 1242 336 1306 sionis
361 1266 379 1306 a
409 1253 559 1329 conceptu
582 1244 719 1309 sensitivi
741 1254 799 1310 etc.
853 1244 910 1308 nst
934 1266 1008 1328 ergo
1033 1245 1169 1308 extensio
1192 1243 1342 1308 eiusmodi

243 1353 400 1438 adaequate
414 1355 535 1420 infinita
549 1355 583 1420 in
602 1377 713 1440 genere
728 1378 784 1420 suo
799 1364 931 1420 tantum.
975 1355 1017 1418 nt
1031 1354 1113 1419 idem
1125 1354 1288 1419 dicendum
1304 1355 1342 1420 de

242 1467 399 1550 superficie
425 1475 546 1532 carente
569 1468 654 1532 omni
679 1468 777 1532 limite
803 1468 862 1533 sibi
887 1465 1079 1553 applicabili3
1117 1466 1175 1530 erit
1198 1465 1280 1530 enim
1307 1465 1340 1530 iu

243 1598 354 1660 genere
379 1578 547 1663 superficiei
571 1580 729 1666 adaequate
750 1579 881 1645 infinita.
937 1579 1020 1644 Hinc
1042 1578 1073 1643 S.
1099 1578 1231 1642 Thomas
1250 1578 1292 1662 (p.
1310 1581 1342 1644 1.

243 1710 273 1773 q.
286 1692 336 1754 14.
349 1713 377 1756 a.
388 1692 442 1775 12)
455 1717 462 1756 :
485 1694 570 1757 Dato
580 1693 660 1776 quad
671 1701 764 1758 essent
775 1694 875 1776 algua
886 1692 1005 1777 infinita
1017 1691 1172 1755 secundm
1182 1713 1341 1769 namnum,

237 1809 315 1883 puta
329 1801 441 1887 infiniti
454 1804 593 1883 homines,
614 1805 662 1868 vel
679 1806 833 1869 secundnm
854 1805 1047 1888 quantitatem
1069 1804 1245 1880 continuam,
1261 1809 1295 1866 nt
1315 1803 1343 1866 si

245 1920 319 1976 esset
340 1917 392 1977 air
413 1913 557 1998 infinitus,
579 1924 613 1979 ut
637 1917 754 1998 quidam
779 1918 895 1999 antiqui
918 1916 1064 1993 diruerunt,
1087 1922 1184 1978 tomen
1205 1913 1342 1998 manifes-
1459 1927 1462 1930 “

244 2033 305 2088 tum
327 2032 380 2105 est,
403 2027 482 2108 qnod
499 2028 637 2091 babnent
660 2049 721 2091 csse
743 2029 966 2092 determinatum
988 2035 1017 2090 et
1036 2025 1167 2110 finitum,
1190 2027 1260 2108 puin
1282 2046 1343 2088 esse

244 2157 342 2198 corum
364 2145 438 2201 esset
464 2137 621 2202 limitatum
646 2139 688 2202 ad
708 2139 824 2222 aliquas
847 2140 1054 2203 determinatas
1078 2145 1211 2202 natmas.
1257 2136 1341 2202 Hine

244 2243 400 2308 infinitum
416 2248 564 2312 contrarie
578 2257 681 2333 potest
695 2251 815 2335 concipi
837 2248 1009 2334 dupliciter,
1024 2248 1164 2340 videlicet
1186 2247 1342 2312 infinitum

244 2355 384 2435 absalme,
399 2364 430 2420 et
444 2357 599 2422 infinitum
615 2361 646 2423 in
661 2361 760 2444 aliquo
770 2383 876 2444 genere
890 2367 1021 2425 tantum.

290 2469 341 2532 10.
365 2468 522 2545 Quaeritur
547 2479 666 2554 quarto,
697 2481 796 2536 utrum
833 2470 981 2554 infinitum
1017 2469 1147 2534 absolute
1179 2471 1220 2533 sit
1255 2491 1343 2534 unum

243 2578 307 2641 solu
338 2627 345 2642 .

287 2690 469 2775 Respondeo
493 2692 680 2757 affirmative.
726 2691 760 2754 Si
786 2691 867 2756 enim
893 2698 1082 2776 ponerentur
1106 2713 1172 2755 esse
1198 2690 1269 2771 duo,
1295 2692 1343 2756 vel

245 2800 507 2884 distinguerentur
516 2803 701 2888 perfectione
713 2801 760 2867 vel
770 2802 877 2866 saltem
888 2824 1024 2866 numero.
1057 2802 1129 2866 Nou
1141 2801 1343 2886 perfectione3

244 2911 315 2994 quia
335 2911 451 2996 aliquid
463 2912 586 2978 deberet
603 2936 669 2978 esse
686 2913 720 2976 in
741 2935 804 2977 uuo
824 2913 909 2998 quod
926 2913 1044 2978 deesset
1063 2912 1149 2977 alteri
1158 2938 1168 2991 3
1195 2913 1253 2977 hoc
1270 2935 1344 2998 ergo

244 3021 374 3086 alterum
397 3045 460 3087 non
486 3032 565 3088 esset
596 3024 736 3089 absolute
766 3024 932 3088 infinitum.
985 3024 1058 3088 Non
1083 3044 1210 3087 numero
1220 3050 1230 3103 3
1272 3025 1345 3109 quia

243 3131 400 3197 distinctio
414 3134 571 3199 numerica
584 3146 632 3199 est
648 3156 764 3214 eorum,
780 3157 912 3220 quorum
926 3158 1025 3200 unum
1039 3156 1102 3199 non
1111 3145 1158 3200 est
1167 3135 1266 3201 aliud:
1289 3137 1345 3201 sed

244 3244 302 3309 hoc
317 3243 377 3309 dici
391 3245 499 3330 nequit
522 3245 562 3310 de
583 3245 722 3311 absolute
744 3245 875 3326 infinito,
891 3247 975 3332 quod
989 3257 1025 3311 ut
1040 3245 1101 3311 tale
1117 3246 1207 3311 debet
1221 3269 1343 3314 omnem

243 3355 416 3420 absolutam
431 3356 599 3422 realitatem
613 3357 648 3422 in
663 3379 695 3421 se
719 3357 889 3442 complecti,
910 3380 967 3423 nec
985 3359 1102 3443 patitur
1122 3380 1186 3422 esse
1206 3367 1290 3423 extra
1312 3383 1345 3424 se

243 3467 396 3532 infinitam
429 3468 609 3533 realitatem.
685 3469 885 3554 Relinquitur
907 3491 981 3554 ergo
1005 3469 1087 3554 quod
1112 3469 1268 3533 infinitum
1291 3470 1344 3534 ab·

245 3575 380 3641 solutum
397 3577 437 3640 sit
457 3600 556 3642 unum
571 3577 682 3657 solum,
697 3578 782 3662 quod
796 3587 842 3642 est
859 3578 956 3643 Deus.
999 3577 1049 3642 De
1063 3579 1121 3642 hoc
1131 3579 1253 3644 infinito
1267 3579 1345 3644 nihil

244 3687 302 3751 hoo
323 3686 390 3750 loco
412 3687 577 3753 dicendum
599 3696 655 3768 est,
682 3711 779 3773 quum
794 3689 955 3774 specialem
971 3697 1134 3754 tractatum
1150 3689 1187 3754 de
1202 3689 1269 3754 Deo
1283 3691 1345 3756 iam

245 3796 452 3862 habuerimus.

290 3911 341 3972 11.
366 3907 525 3985 Quaeritur
548 3908 668 3994 quinto,
689 3935 728 3976 an
753 3921 783 3976 et
812 3913 955 3995 pwmodo
985 3911 1102 3995 infinita
1130 3911 1348 3997 distinpuantru

246 4022 324 4085 inter
337 4042 378 4084 se.

288 4130 481 4217 Respondeo,
497 4131 580 4215 qnod
594 4152 689 4217 quum
703 4132 860 4198 infinitum
883 4133 922 4197 sit
937 4133 971 4197 id
985 4133 1068 4220 quod
1082 4141 1163 4198 caret
1173 4133 1272 4199 limite
1286 4134 1349 4202 sive

244 4243 338 4324 omni,
354 4243 418 4308 sive
441 4242 544 4328 aliquo
561 4243 727 4328 (loquimur
748 4245 798 4310 hie
820 4245 859 4309 de
877 4245 1028 4310 limitibus
1050 4247 1270 4332 quantitativis,
1285 4270 1349 4312 non

244 4356 281 4420 de
306 4354 517 4441 specificatiris
540 4357 655 4441 rerum)
673 4355 825 4442 quidquid
847 4357 1028 4422 diversificat
1051 4358 1171 4424 realiter
1186 4360 1350 4425 carentiam
