3212 4986
282 351 325 416 88
767 368 810 411 os
828 367 903 412 oso.
1240 347 1327 432 [car.
1346 369 1385 411 11.

283 531 366 614 bilia,
382 533 483 598 omnis
505 531 617 598 veritas
638 531 755 597 ordinis
778 531 884 598 idealis
906 541 954 598 est
973 532 1112 597 absolute
1134 532 1335 597 immutabilis
1356 542 1388 596 et

241 703 247 716 .
283 643 410 710 omnino
435 643 650 710 antecedenter
673 644 849 710 necessaria.
894 646 996 730 Atque
1025 643 1098 708 hinc
1122 645 1261 709 essentiae
1284 665 1385 708 rerum

283 755 502 841 intelligibiles,
518 764 553 822 ιιι
579 763 653 820 sunt
675 757 743 821 Deo
769 757 940 835 intellectas,
963 756 1110 822 dicuntur
1131 765 1261 836 eternae,
1283 778 1386 821 neees-

285 867 380 948 sarise,
395 866 613 932 immutabiles.
657 866 866 952 Quacumque
881 889 951 932 vero
972 889 1036 930 non
1059 865 1255 931 continentur
1276 866 1310 930 in
1333 866 1386 931 tali

286 977 404 1060 ordine,
418 1001 455 1044 ea
469 987 542 1044 sunt
565 979 735 1046 necessario
749 987 780 1045 et
794 977 1026 1044 immutabiliter
1040 977 1286 1062 inintelligibilia,
1301 978 1387 1056 falsa,
1464 968 1472 980 ⁶

284 1089 528 1158 contradictorie.
571 1091 709 1177 Apparet
723 1093 825 1170 etiam,
841 1089 980 1155 ordinem
1002 1089 1130 1154 idealem
1145 1089 1262 1154 nullam
1277 1089 1388 1154 habere

285 1201 520 1288 dependentiam
538 1202 729 1268 avoluntate
748 1201 808 1266 Dei
828 1201 890 1267 sive
908 1201 1003 1266 libera
1023 1201 1084 1266 sive
1098 1201 1274 1277 necessaria,
1290 1222 1385 1286 quum

284 1313 376 1380 edam
399 1313 433 1378 in
456 1313 524 1380 Deo
546 1335 609 1379 non
633 1313 825 1399 intelligatur
845 1311 997 1392 voluntas,
1017 1311 1110 1378 etiam
1136 1312 1312 1392 necessaria,
1327 1312 1388 1376 nisi

284 1423 401 1490 ratione
416 1438 487 1510 post
501 1424 702 1491 intellectum.

328 1538 381 1602 4⁷.
407 1535 441 1600 Si
471 1535 540 1622 quis
573 1536 750 1602 intellectus
781 1549 900 1602 creatus
934 1537 1052 1616 existat,
1082 1535 1199 1600 nullam
1228 1536 1386 1602 veritatem

284 1647 412 1714 idealem
440 1657 705 1734 cognossetque
729 1670 792 1714 non
817 1649 1009 1713 contineatur
1035 1648 1070 1713 in
1093 1648 1219 1713 scientia
1241 1648 1387 1733 simplicis

284 1758 504 1844 intelligentie.
549 1759 745 1845 Quapropter
766 1759 919 1825 obiectum
942 1760 1116 1825 intellectus
1139 1759 1232 1824 creati
1253 1759 1311 1823 erit
1334 1781 1387 1824 ne·

285 1871 414 1936 cessario
439 1871 486 1936 vel
512 1872 579 1956 ipae
604 1870 838 1955 intelligibilitas
867 1871 988 1936 infinita
1016 1873 1063 1953 (ιιι
1090 1870 1199 1935 accidit
1227 1870 1262 1933 in
1291 1869 1388 1934 beatis

285 1983 388 2048 Deum
410 1983 550 2049 intuitive
572 1983 759 2068 videntibus)
776 1983 825 2050 vel
846 1983 946 2069 aliqua
968 1983 1098 2048 imitatio
1120 1991 1174 2047 aut
1194 1981 1387 2067 participatio

285 2093 422 2159 eiusdem
436 2094 534 2175 finita,
550 2117 618 2181 quoe
632 2094 752 2160 realiter
766 2103 851 2160 extra
865 2095 967 2159 Deum
988 2095 1106 2173 existat,
1122 2102 1158 2158 ut
1172 2095 1303 2159 essentia
1317 2115 1388 2179 pro·

285 2205 387 2286 docta,
403 2206 536 2272 reserens
558 2207 721 2272 essentiam
742 2229 829 2272 suam
852 2205 1075 2290 intelligibilem
1090 2206 1122 2270 in
1137 2205 1205 2269 Deo
1219 2205 1389 2269 eminenter

285 2317 474 2384 existentem.
521 2318 607 2383 Sicut
629 2318 713 2384 enim
730 2319 842 2384 entitas
865 2317 966 2381 divina
985 2317 1105 2380 infinita
1122 2316 1214 2381 habet
1236 2316 1387 2380 infinitam

284 2428 577 2514 intelligibilitatem,
600 2431 643 2494 ita
663 2430 806 2495 entitates
828 2429 923 2493 finite
942 2428 975 2494 in
997 2436 1119 2492 tantum
1143 2428 1326 2512 participant
1349 2428 1387 2492 de

284 2539 534 2624 intelligibilitate
563 2541 596 2604 in
625 2549 777 2626 quantum
806 2540 991 2625 participant
1021 2539 1058 2604 de
1088 2539 1224 2603 entitate.
1281 2539 1386 2615 Quum

284 2658 388 2716 autem
412 2651 595 2736 participent
617 2659 715 2715 totam
738 2651 898 2715 enntatem
928 2673 991 2715 suae
1019 2649 1168 2729 essentiae,
1194 2673 1286 2736 quarn
1315 2658 1386 2715 actu

284 2759 408 2840 babent,
424 2769 520 2826 totam
537 2763 629 2826 etiam
644 2784 707 2826 suae
728 2762 867 2827 essentia
881 2761 1163 2846 intelligibilitatem
1181 2761 1386 2846 participant:

284 2877 315 2935 et
330 2869 374 2936 sic
388 2879 461 2935 sunt
480 2871 689 2956 intelligibiles
704 2894 759 2957 per
778 2873 932 2958 propriam
948 2872 1117 2938 entitatem.
1164 2872 1247 2936 Hinc
1261 2873 1321 2936 tria
1340 2895 1386 2938 se-

284 2989 441 3066 quuntur:
466 2986 499 3046 1⁰
514 3006 610 3067 quum
624 2983 798 3048 intellectus
812 2993 930 3048 creatus
945 2984 1063 3063 existat,
1080 2992 1215 3068 apparet,
1231 2984 1387 3048 scientiam

285 3093 431 3177 simplicis
453 3093 664 3179 intelligentia
678 3118 743 3160 esse
759 3097 998 3182 participabilem
1020 3097 1060 3162 ad
1074 3105 1167 3176 extra,
1183 3105 1213 3161 et
1233 3105 1303 3162 actu
1318 3121 1387 3182 par-

284 3205 459 3290 tioipatam:
482 3209 517 3271 2⁰
528 3205 602 3270 ordo
616 3206 721 3271 idealis
736 3209 827 3274 etiam
842 3209 875 3272 in
889 3208 1048 3273 intellectu
1063 3222 1161 3273 cresto
1175 3209 1268 3273 habet
1283 3231 1387 3274 neces-

285 3317 396 3381 sariam
416 3325 448 3382 et
469 3317 692 3383 immutabilem
713 3321 888 3385 veritatem:
912 3323 946 3385 3⁰
965 3322 1101 3406 quamvis
1121 3321 1274 3386 obiectum
1297 3322 1387 3402 reale,

285 3431 318 3492 in
333 3451 394 3514 quo
408 3437 454 3494 est
468 3429 567 3514 prima
575 3431 652 3494 ratio
667 3431 783 3496 ordinis
798 3432 913 3511 idealis,
926 3433 966 3496 sit
981 3455 1036 3497 ens
1051 3455 1170 3497 summe
1184 3433 1386 3518 intelligibile,

285 3538 368 3625 quod
389 3548 436 3604 est
449 3539 546 3620 Deus,
562 3551 742 3606 nontamen
758 3551 804 3607 est
819 3542 921 3629 aliqua
942 3543 1105 3607 necessitas
1124 3543 1265 3608 intuendi
1280 3545 1388 3610 imme·

279 3650 366 3716 ‘diste
389 3651 490 3736 ipsum
512 3652 615 3716 Deum
644 3653 768 3718 adhoc
793 3662 829 3717 ut
855 3654 951 3738 possit
978 3655 1046 3740 quis
1071 3657 1229 3719 veritatem
1254 3656 1386 3741 aliquam

283 3762 411 3828 idealem
441 3762 621 3848 intelligere,
648 3772 684 3827 ut
708 3763 857 3848 Ontologi
886 3765 989 3850 plures
1014 3765 1146 3845 vellent;
1169 3767 1242 3851 quia
1270 3768 1387 3833 obiecta

282 3874 371 3938 finita
392 3874 508 3938 habent
529 3898 617 3939 suam
641 3877 793 3961 propriam
819 3876 1110 3960 intelligibilitatem.
1156 3877 1267 3958 Immo,
1290 3901 1386 3964 quum

282 3986 423 4050 veritates
438 3985 550 4051 idceles
565 3986 654 4051 nobis
669 3986 800 4070 cognitae
815 3987 877 4051 sint
892 3987 996 4066 finitae,
1009 3997 1039 4051 et
1053 3986 1156 4072 plures
1167 3988 1215 4053 vel
1229 3990 1385 4074 pauciores

281 4119 338 4183 pro
357 4097 471 4161 maiore
486 4097 533 4162 vel
554 4099 672 4162 minore
694 4098 912 4178 observatione,
929 4100 1032 4164 studio
1052 4109 1083 4164 et
1105 4101 1289 4185 experientia
1306 4103 1385 4168 circa

281 4231 330 4274 res
354 4209 467 4286 finitas,
493 4216 588 4292 petet,
612 4230 669 4274 nos
694 4232 745 4274 eas
768 4211 909 4275 veritates
933 4235 969 4276 ex
994 4213 1103 4276 harum
1126 4234 1230 4276 rerum
1255 4215 1385 4279 entitate

281 4320 438 4398 deducere,
453 4340 516 4384 non
538 4342 574 4384 ex
596 4320 712 4386 intuitu
732 4320 801 4386 Dei.
846 4322 947 4403 Brevi,
963 4345 1024 4386 non
1048 4322 1250 4408 intelligimus
1272 4326 1385 4392 intelli·
