3222 4984
286 371 353 434 214
610 389 770 434 aroanna
789 389 829 434 ur
844 389 1065 434 eunuchum.
1256 365 1344 454 [von.
1364 388 1388 432 1.

286 553 321 608 de
332 553 392 610 eius
398 557 462 610 actu
470 551 574 626 primo;
592 569 677 626 quum
687 553 820 610 terminus
828 570 846 610 e
853 570 902 610 suo
913 557 977 610 actu
985 551 1085 608 habeat
1094 568 1151 608 esse
1161 557 1189 606 et
1198 551 1390 624 consequentis

287 642 323 696 ad
334 658 399 697 essa
435 641 465 694 δ’
477 639 589 696 (lartum
600 645 649 712 est,
662 658 770 695 omnem
784 645 935 696 creaturam
950 657 1007 696 esse
1019 639 1184 695 imitativam
1199 639 1243 693 sui
1256 637 1391 693 creatoris

287 729 318 782 in
329 726 515 800 gredufluito:
533 727 664 784 aedDeus
675 727 985 783 utoreatornonsolum
997 727 1095 782 estsed
1107 726 1252 799 agitextra
1263 743 1308 794 se;
1326 743 1391 798 ergo

289 814 378 868 omnis
395 818 517 870 creatura
536 831 592 869 non
609 813 698 868 solnm
714 813 798 869 hahet
812 831 869 870 esse
886 812 1086 888 participatum,
1098 813 1147 868 sed
1162 811 1247 866 etiarn
1259 811 1392 866 virtutem

289 899 396 972 agendi,
414 905 442 954 et
460 905 523 972 aget
542 905 621 955 extra
637 917 674 969 se,
689 900 910 973 quotiescumque
928 898 1000 954 intra
1017 899 1151 972 sphaeram
1167 915 1225 953 suae
1243 897 1392 952 activitatis

289 986 389 1041 existet
405 985 537 1042 terminus
553 985 653 1058 inquo
670 984 815 1059 recipiatur
832 985 911 1041 actio.
947 985 1020 1058 Ergo
1036 990 1065 1039 et
1076 984 1228 1040 substantia
1244 983 1392 1038 materialis

288 1071 371 1127 hahet
378 1071 438 1128 vim
448 1071 574 1128 activam
610 1073 704 1144 Atque
713 1071 773 1128 hmo
784 1076 951 1144 argumenta
960 1070 1012 1126 etsi
1022 1070 1141 1126 breviter
1148 1076 1256 1124 tantum
1264 1069 1391 1138 indicata,

288 1159 355 1214 satis
372 1160 526 1230 ostendunt,
538 1158 708 1216 nativitatem
723 1175 864 1233 corporum
881 1175 960 1232 posse
971 1157 1157 1229 metaphysica
1170 1156 1326 1230 probatione
1342 1157 1391 1211 de-

289 1246 440 1302 monstrari

326 1335 390 1404 Pap.
403 1334 428 1388 4.
440 1333 483 1388 bn.
497 1333 522 1388 ὅ.
541 1337 648 1388 constat
659 1331 733 1386 enim
745 1333 811 1386 addo
822 1349 857 1387 ex
868 1347 1010 1405 corporum
1022 1328 1202 1403 gravitatione

215 1485 218 1492 Ι
325 1421 391 1490 Pap.
404 1421 429 1474 5.
443 1420 487 1474 lim
501 1419 526 1474 2.
545 1419 606 1474 aliis
617 1418 756 1492 principiis
768 1419 835 1472 addc
846 1417 1008 1473 habentibus
1019 1417 1152 1473 rationem
1163 1416 1265 1490 partis3

327 1507 395 1560 aaa.
409 1505 453 1560 lin.
466 1505 492 1560 7.
510 1503 615 1559 eutium
626 1505 692 1558 adae
703 1509 767 1559 actu
778 1504 968 1559 distinctorum

325 1591 393 1645 lbid.
406 1591 450 1645 lin.
463 1591 488 1644 3.
507 1590 560 1644 nisi
573 1591 672 1661 sonim
682 1595 746 1645 actu
757 1589 895 1659 distincta,
908 1589 955 1644 sed

325 1678 391 1747 Pop.
403 1677 428 1731 6.
442 1676 487 1730 lin.
501 1677 543 1731 22.
563 1676 722 1745 extrinsece,
743 1677 842 1747 canipe
864 1693 913 1750 psr
932 1675 1036 1749 aliquid
1056 1674 1141 1750 ipsius
1160 1675 1266 1730 notioni
1286 1675 1391 1730 extrin-

290 1780 391 1831 mcum,

325 1849 391 1919 Pop.
404 1848 429 1903 7.
443 1848 488 1903 aa.
500 1849 525 1902 3.
544 1847 670 1920 negative
691 1849 791 1918 anniae
808 1847 965 1920 negativos,
985 1855 1010 1902 ct
1034 1849 1099 1902 adde
1122 1854 1210 1902 nomm
1233 1855 1392 1920 sequentem:

289 1938 308 1977 ⁸
325 1935 387 1989 Hoc
398 1933 458 1988 loco
475 1938 504 1988 et
514 1933 575 1988 aliis
587 1933 709 2006 pluribus
724 1933 889 2007 principium
904 1933 1025 1990 activum
1036 1939 1065 1988 st
1081 1933 1244 2006 principium
1254 1935 1393 2006 passivum

290 2039 345 2076 non
357 2020 513 2092 significant
529 2020 558 2075 id
571 2021 640 2092 qaod
649 2019 707 2091 agit
717 2025 766 2074 aut
782 2019 813 2074 id
825 2021 894 2092 qaod
906 2020 1017 2092 patitur,
1030 2020 1077 2074 sed
1089 2019 1118 2074 id
1130 2039 1180 2091 pao
1196 2036 1279 2091 agens
1291 2020 1349 2092 agit
1364 2026 1395 2074 et

290 2108 320 2162 id
338 2109 367 2161 in
391 2125 441 2178 pao
460 2106 566 2179 patiens
584 2106 696 2180 petitam
714 2105 745 2161 id
765 2111 807 2162 est
827 2105 991 2180 principium
1011 2106 1161 2163 activitatis
1181 2111 1210 2161 et
1229 2107 1393 2180 principium

289 2193 463 2268 passivitatis

325 2283 390 2352 Pap.
405 2281 446 2335 11.
460 2280 504 2335 lin.
518 2281 543 2336 7.
562 2283 708 2352 conceptue
719 2279 908 2352 inadaequatus
919 2281 1020 2352 canipe
1031 2278 1135 2353 aliquid
1145 2281 1224 2336 reale.

325 2370 394 2424 Iota.
408 2369 454 2424 lin.
467 2369 493 2437 8,
505 2368 530 2422 3.
550 2368 595 2423 vel
606 2366 697 2441 potius
716 2405 722 2422 .
743 2406 749 2422 .
769 2406 776 2422 .
796 2406 803 2421 .
822 2367 929 2423 mentis.
943 2369 1004 2422 dele:

325 2455 395 2508 Itid.
408 2454 453 2509 aa.
468 2453 592 2508 12a14.
610 2452 814 2527 praescindendo
838 2455 938 2525 conatae
961 2453 1148 2510 abstrahendo.
1193 2453 1266 2508 Nam
1289 2471 1322 2508 ec
1345 2454 1392 2508 ab·

290 2539 429 2594 structione
445 2538 558 2609 simplici
568 2539 654 2593 oritur
670 2557 715 2593 ern
726 2539 937 2610 metaplayn'mm,
949 2557 981 2592 cc
987 2539 1142 2610 praecinens
1158 2557 1203 2593 can
1214 2539 1323 2609 amman
1336 2539 1394 2612 (De

290 2625 398 2694 tommo,
411 2643 437 2679 n.
450 2624 509 2694 104,
523 2624 598 2696 105).
634 2626 761 2678 Attamen
770 2624 855 2697 facie
873 2631 909 2678 eet
926 2625 1083 2697 conflandam
1098 2643 1142 2679 ctas
1159 2626 1316 2680 maenam
1333 2645 1392 2680 cam

290 2719 347 2767 ente
352 2711 496 2783 prasiaca
509 2711 571 2782 qaia
583 2713 686 2782 qnando
697 2711 864 2764 examinatur
875 2729 920 2765 eras
930 2710 1134 2781 metaplasmum
1146 2729 1215 2782 pure
1227 2713 1392 2782 abstractam,

290 2799 664 2868 eodemmodoproceds'tarac
680 2796 1280 2869 stidpaodabstratitarfasbsetproeecisnem
1318 2799 1393 2852 Hinc

289 2885 407 2956 qaamm‘a
423 2884 498 2956 infla
515 2885 630 2938 meantes
647 2888 738 2938 actum
758 2882 877 2956 primum
894 2900 942 2937 seu
962 2882 1186 2955 metaphysicum,
1202 2890 1227 2937 ct
1243 2884 1393 2955 potentiam

289 2971 404 3043 primam
425 2988 473 3026 seu
493 2970 716 3042 metaphysicam‚
734 2975 858 3036 attamen,
880 2969 911 3022 ab
923 2969 1105 3039 procationem
1122 2969 1168 3023 sat
1186 2988 1238 3040 qna
1254 2977 1393 3042 sanamque

255 3079 259 3084 ·
290 3057 491 3124 omanderamaa,
504 3056 598 3109 aetites
609 3055 787 3126 metaphysica
799 3055 943 3126 conabitur
952 3055 981 3110 in
992 3061 1062 3109 nata
1073 3055 1154 3124 loatm
1165 3062 1274 3111 tantam.

325 3141 393 3195 ibid.
405 3141 450 3196 aa.
460 3141 503 3195 29.
522 3158 570 3212 pro
582 3141 641 3212 ipsa
653 3142 752 3211 maiae
763 3140 793 3194 in
805 3141 864 3213 ipsa

324 3229 390 3298 Pap.
405 3227 446 3281 12.
460 3227 504 3283 lin.
518 3227 542 3280 ὅ.
561 3226 651 3298 ipsum
663 3243 711 3280 ens
722 3226 824 3282 hahens
833 3227 910 3282 illam
920 3226 1068 3300 reeipiendi
1076 3225 1134 3282 vim
1145 3244 1194 3283 eeu
1204 3229 1392 3300 passivitatem

289 3316 389 3385 cor-rtqe
399 3314 429 3369 id
440 3313 513 3385 quod
524 3313 580 3367 iam
591 3312 675 3367 habet
686 3330 743 3367 esse
754 3331 802 3387 per
812 3313 927 3369 formem

324 3401 392 3455 Iaca.
406 3399 450 3454 lin.
464 3399 490 3468 7,
503 3399 528 3452 3.
547 3398 669 3468 formata,
682 3398 727 3453 vel
744 3398 896 3454 substantia
912 3397 1069 3469 materialis,
1085 3402 1135 3454 eut
1151 3399 1315 3456 elementum
1332 3419 1392 3458 ma·

288 3488 374 3557 teries,
386 3490 512 3557 utsupra
522 3481 661 3538 innuimus
672 3501 699 3538 n.
714 3483 756 3553 17,
769 3485 869 3555 conspe
879 3485 1001 3540 formata

324 3573 391 3627 Iota.
406 3573 450 3628 a'n.
464 3573 506 3628 32.
525 3570 583 3626 Ena
599 3570 778 3626 immateriale
790 3577 841 3627 etc.
854 3590 933 3643 mque
945 3573 982 3626 ad
991 3572 1021 3626 5⁰
1029 3572 1174 3627 abactam
1184 3571 1259 3628 illam
1271 3580 1392 3645 quartam

288 3661 423 3714 rationem.

230 3737 234 3746 '
324 3747 390 3817 Pop.
404 3745 445 3800 13.
460 3744 504 3798 tan.
518 3744 559 3798 13.
578 3743 722 3817 principii:
746 3745 812 3798 adde
835 3743 900 3817 quia
923 3743 996 3817 quod
1019 3743 1152 3817 accipitur
1174 3748 1208 3799 ut
1229 3745 1393 3818 principium

288 3833 408 3901 altanus,
421 3830 552 3903 accipitur
562 3830 674 3886 relative
684 3849 690 3885 :

324 3919 391 3973 Iota.
404 3918 450 3973 aa.
463 3918 507 3972 34.
525 3917 561 3971 ad
576 3917 650 3989 quod
666 3934 715 3990 per
729 3921 849 3972 mentem
865 3933 931 3990 pure
948 3917 1079 3974 retertur:
1098 3905 1197 3989 cor-rije
1208 3917 1243 3974 ad
1260 3919 1333 3990 quod
1349 3935 1392 3973 re·

288 4007 381 4075 fertm,
394 4010 423 4059 et
434 4004 567 4062 eiusmodi
579 4009 621 4058 est
631 4004 701 4059 ratio
712 4004 825 4059 limitis:

323 4092 390 4163 Pop.
404 4090 445 4145 14.
460 4091 503 4144 lin.
517 4090 541 4143 8.
561 4089 634 4145 enim
642 4110 651 4160 3
668 4090 777 4162 quando
788 4090 889 4160 tanim
900 4090 981 4160 enim,
994 4091 1102 4163 quareo

324 4179 390 4247 Pap.
404 4179 446 4232 16.
460 4177 506 4230 tin.
519 4177 545 4245 3,
558 4177 599 4231 10.
618 4182 650 4230 ut
661 4194 746 4230 unum
758 4177 855 4232 saltem
867 4178 967 4247 mnt'pa
978 4183 1010 4234 ut
1020 4178 1065 4233 vel
1081 4182 1234 4250 utrumque,
1246 4177 1291 4233 vel
1307 4195 1393 4232 unum

288 4265 385 4318 saltem
398 4263 445 4334 (ut
454 4261 637 4334 peripateticis
648 4262 765 4334 placuit)

325 4349 393 4404 laia
406 4349 451 4403 ls'n.
465 4348 508 4414 11,
522 4347 563 4402 12.
582 4347 754 4419 physicarum
766 4349 832 4402 addc
843 4364 860 4402 a
871 4349 1040 4406 scholasticis
1051 4349 1169 4405 admissa
1251 4353 1256 4370 '⁴
