3186 4982
238 351 311 400 voa.
329 325 384 415 ra]
557 351 717 394 rnnnuor
736 352 776 402 ur
792 351 1017 400 annuorum.
1279 329 1344 398 263

239 517 506 590 erepraesentationc
518 518 625 575 obiecti.
662 518 738 576 Hinc
758 518 788 574 in
808 518 1002 592 compositione
1021 519 1143 576 idearum
1161 517 1241 576 facile
1260 519 1346 574 oritur

234 623 316 668 error.
353 605 384 661 Si
396 606 469 661 enim
480 605 584 662 iudices
596 624 691 661 aurum
710 625 768 663 esse
785 607 960 662 materialiter
977 607 1146 677 continuum,
1164 612 1193 662 et
1204 607 1257 663 hoc
1268 606 1340 661 iudi-

236 693 312 748 cium
323 692 360 747 sit
377 693 485 762 falsum,
497 693 567 748 ratio
586 694 709 766 estquis
726 694 788 749 idea
807 695 968 767 auri,quan1
987 695 1077 764 habes,
1091 695 1143 750 etsi
1160 694 1197 750 sit
1214 712 1288 764 vera,
1299 699 1342 749 est

236 779 364 836 deficiam
373 781 414 852 (te
426 797 481 834 non
492 781 662 850 advertente)
672 781 702 835 in
713 782 949 854 repraesentatione
962 781 1102 837 continui:
1119 789 1148 836 et
1159 781 1233 854 origo
1246 781 1341 836 erroris

235 872 278 922 est
286 867 332 922 hic
344 867 506 922 confundere
518 887 571 922 aon
582 869 773 940 perceptionem
784 869 980 940 iatermptioais
991 887 1055 924 cum
1070 869 1130 942 ipsa
1141 869 1258 923 carentia
1270 869 1339 923 obra-

234 955 301 1009 ctica
312 955 523 1025 interruptionis:
550 973 585 1010 ex
602 955 655 1010 hoc
672 955 746 1010 enirn
758 955 883 1027 sequitur
894 955 968 1028 quod
978 956 1038 1010 loco
1051 955 1228 1030 componendi
1241 973 1337 1010 aurum

234 1059 297 1096 cum
310 1042 487 1098 continuitate
499 1043 628 1113 sensibili,
642 1060 785 1116 componas
797 1043 867 1098 illud
874 1061 936 1098 cum
948 1044 1128 1099 continuitate
1141 1043 1271 1098 absoluta.
1298 1045 1339 1097 At

234 1129 294 1184 haec
305 1129 465 1202 compositio
477 1149 533 1184 non
544 1134 587 1185 est
597 1130 763 1200 immediata,
775 1130 961 1203 praesupponit
972 1131 1047 1184 enim
1058 1130 1224 1203 principium
1234 1130 1337 1203 impru-

230 1217 300 1295 dens
312 1218 385 1288 quod
397 1217 462 1272 adad
471 1236 523 1270 aon
535 1223 571 1271 eet
583 1218 611 1271 ia
620 1236 648 1270 re
660 1219 729 1288 qaod
738 1235 790 1271 aon
802 1223 885 1272 mouet
893 1235 1003 1286 sensura,
1012 1218 1093 1287 unde,
1103 1216 1168 1289 quia
1179 1228 1337 1272 sensusnon

233 1303 328 1358 vident
346 1303 579 1376 intenuptionem,
592 1303 707 1358 infertur
726 1303 844 1358 carentia
863 1304 1075 1377 interruptionis.
1119 1303 1256 1360 Iudicium
1274 1322 1338 1376 ergo

233 1409 328 1444 aarum
340 1397 377 1446 eat
391 1391 504 1446 mamma
516 1391 637 1445 continua
655 1395 697 1446 est
714 1390 907 1462 consequentia
919 1408 991 1460 vera,
1003 1391 1027 1444 si
1044 1390 1128 1446 addas
1140 1389 1337 1445 restrictionem

233 1485 404 1549 apparenter:
432 1478 501 1532 falsa
521 1495 584 1534 vero
604 1477 628 1531 si
647 1495 703 1531 non
724 1477 807 1532 addes
827 1477 1031 1547 restrictionem,
1044 1477 1108 1549 quia
1122 1482 1188 1532 tnnc
1203 1477 1237 1531 fit
1251 1476 1339 1532 maior

147 1616 151 1624 .
232 1582 314 1637 quam
325 1565 480 1638 praemissao.
517 1565 579 1620 Hoc
591 1583 654 1620 vero
666 1583 718 1618 aon
730 1566 824 1618 addae
835 1565 1020 1618 restrictionem
1032 1570 1120 1620 estex
1137 1564 1336 1619 inadvertentia

230 1651 375 1706 comitante
386 1651 587 1724 perceptionem
598 1649 795 1706 convenientiae
807 1654 931 1719 tantum3
950 1651 1022 1704 unde
1031 1649 1182 1706 formalitas
1190 1650 1293 1720 iudicii,
1303 1656 1335 1705 ut

229 1738 275 1806 sic,
286 1744 326 1792 est
338 1738 423 1793 ares
434 1737 642 1806 convenientiam,
651 1742 683 1791 ut
690 1741 781 1790 autem
792 1735 862 1804 falsi,
873 1742 915 1790 est
922 1754 974 1790 aaa
985 1737 1070 1791 cidere
1081 1736 1251 1792 mmmmm
1257 1755 1333 1808 proe-

229 1825 311 1878 dicmi
321 1824 393 1896 quod
404 1823 505 1878 dicitur
515 1822 667 1878 convenire.
704 1821 776 1876 Vide
788 1820 816 1876 S.
828 1821 961 1876 Thomam
975 1822 1013 1894 (p.
1028 1822 1051 1877 l.
1064 1839 1089 1894 q.
1104 1823 1145 1878 58.
1159 1840 1182 1878 a
1196 1823 1235 1895 5).

264 1909 357 1964 Sexta
376 1909 513 1964 Iudicium
526 1913 596 1963 stare
608 1912 700 1980 potest
709 1925 772 1962 cum
782 1907 944 1979 ignorantia,
958 1913 986 1962 et
994 1908 1058 1962 ferri
1068 1926 1102 1963 ex
1113 1909 1332 1982 praesumptione.

228 1995 302 2066 Ergo
313 2014 369 2050 uon
381 2000 422 2050 est
434 1994 610 2068 apprehensio
619 1993 825 2049 convenientiae.

265 2081 425 2154 Respondeo
437 2101 462 2136 ra
476 2088 530 2136 cat.
547 2085 550 2090 '
566 2080 705 2135 Iudicium
716 2085 787 2134 stare
799 2084 888 2152 potest
899 2097 962 2136 oum
973 2098 1068 2150 errore,
1080 2087 1109 2135 ut
1120 2097 1201 2153 supra
1212 2081 1332 2154 explica·

229 2174 289 2222 tum
299 2173 351 2238 est,
364 2169 412 2223 sed
428 2185 577 2239 numquam
594 2185 657 2222 cum
674 2167 791 2240 simplici
807 2167 966 2238 ignorantia
1004 2166 1083 2239 Saepe
1101 2173 1192 2221 autem
1210 2185 1245 2221 ex
1261 2184 1332 2239 prae·

228 2253 382 2326 sumptione
393 2270 461 2326 pura
471 2252 588 2326 suspicio
600 2252 762 2325 exprimitur
774 2257 885 2307 externe
903 2252 937 2306 ad
948 2253 1060 2314 modurn
1072 2251 1176 2322 iudicii,
1188 2258 1221 2306 ut
1232 2253 1331 2308 accidit

228 2341 313 2394 etiam
333 2341 363 2394 in
381 2339 562 2413 proponendis
582 2338 802 2410 difficultatibus3
834 2343 862 2392 et
881 2342 947 2392 tunc
965 2339 998 2392 tit
1022 2337 1133 2409 quidem
1153 2339 1331 2411 apprehensio

226 2427 318 2499 aliqua
329 2426 526 2482 convenientia
538 2425 669 2496 idearum,
688 2425 737 2480 sed
748 2423 917 2496 cognoscitur
929 2429 962 2478 ut
972 2423 1137 2496 imperfecta,
1151 2430 1179 2478 et
1196 2441 1257 2498 qua
1274 2445 1330 2480 non

226 2513 342 2569 sufficiat
361 2514 396 2568 ad
415 2512 609 2586 quiescendum
627 2511 657 2565 in
673 2529 705 2566 eo
724 2517 794 2579 actu,
813 2516 841 2565 et
861 2510 975 2565 fortasse
996 2516 1028 2564 ut
1045 2511 1174 2579 illusoria,
1193 2513 1258 2584 quia
1274 2513 1329 2568 iam

225 2602 342 2675 positive
354 2601 473 2656 cemitur
481 2601 510 2653 in
522 2615 577 2672 quo
587 2597 623 2653 sit
634 2597 734 2666 vitium
750 2597 971 2653 ratiocinationis.
1008 2597 1038 2650 Si
1059 2602 1091 2651 ut
1107 2597 1272 2670 imperfecta,
1284 2600 1328 2654 iu·

225 2689 328 2744 dicium
340 2687 478 2760 probabile
490 2705 539 2741 seu
551 2685 721 2758 opinatirum
734 2685 896 2754 constituet;
922 2685 946 2738 si
963 2690 996 2738 ut
1007 2685 1129 2739 illusoria
1139 2685 1272 2742 iudicium
1283 2705 1327 2743 so-

225 2775 373 2846 phisticum
390 2775 426 2828 ad
437 2773 581 2827 tentandos
599 2772 713 2826 aliorum
731 2771 886 2826 intellectus
899 2775 1023 2824 tantum:
1042 2772 1165 2844 namqui
1176 2772 1252 2827 videt
1263 2773 1327 2829 illu-

224 2861 329 2916 sionem
339 2879 395 2914 non
406 2859 552 2931 acquiescit
564 2859 614 2912 tali
623 2858 696 2914 actui
713 2849 859 2926 iudicandi,
872 2858 956 2911 immo
969 2874 1018 2912 nec
1029 2859 1135 2930 proprie
1147 2858 1256 2915 iudicat

259 2946 389 3020 Septima
425 2945 547 3000 Dubium
559 2949 602 2999 est
613 2945 753 3018 suspensio
765 2963 821 2999 non
832 2945 1019 3018 perceptionis,
1039 2945 1086 2999 sed
1102 2963 1232 3006 assensus.
1269 2947 1324 3004 Sed
1341 2963 1345 2976 ·

217 3033 337 3088 ‚dubium
350 3033 493 3106 deponitur
503 3031 657 3087 iudicando.
702 3033 776 3105 Ergo
787 3033 919 3088 iudicium
930 3050 984 3086 non
997 3037 1039 3087 est
1050 3033 1186 3106 percipere
1198 3036 1324 3092 conveni·

223 3121 334 3189 entiam,
349 3121 396 3175 sed
403 3119 536 3176 assentiri.

257 3208 419 3281 Respondeo
428 3226 454 3262 a.
465 3207 506 3260 M.
516 3227 524 3277 3
537 3207 609 3277 nani,
622 3211 655 3260 ut
666 3206 750 3260 etiam
758 3207 864 3262 Auctor
876 3207 1006 3275 concedit,
1017 3208 1051 3262 ad
1060 3208 1265 3280 exprimendum
1272 3207 1324 3266 du·

220 3295 297 3350 bium
306 3297 394 3352 dicere
406 3296 540 3350 solemus:
561 3314 613 3348 aaa
625 3295 698 3349 rideo
710 3295 775 3365 qaid
785 3293 854 3348 mibi
864 3296 1024 3349 cacciaredum
1035 3296 1088 3355 ait:
1105 3298 1188 3351 macic
1200 3299 1327 3370 cuiparti

220 3385 349 3438 assentiar
361 3389 427 3454 eta.;
455 3384 507 3438 hoc
519 3387 613 3438 autem
629 3386 671 3436 est
682 3381 778 3452 fateri,
791 3381 962 3455 dubitantem
979 3383 1069 3438 adhuc
1086 3400 1141 3438 non
1152 3383 1250 3440 habere
1262 3404 1323 3459 per·

219 3472 373 3543 ceptionem
396 3470 602 3526 convenientiae.
645 3469 779 3524 Attamen
802 3469 881 3540 addo,
902 3470 1102 3543 perceptionem
1125 3473 1322 3530 convenientia

219 3558 369 3628 exprimere
380 3557 513 3612 iudicium
524 3557 625 3628 iraJtcri
633 3575 679 3610 sou
691 3562 783 3610 actum
791 3556 937 3626 iudicandi,
949 3565 1088 3612 assensum
1097 3576 1160 3612 vero
1172 3560 1321 3631 exprimere

217 3644 350 3720 iudicium
361 3645 390 3698 ia
395 3643 473 3715 facto
483 3661 535 3698 esse
547 3661 596 3698 seu
607 3643 728 3715 quietem
740 3643 873 3696 actualem
886 3643 945 3714 (vel
953 3643 1120 3698 habitualem
1133 3645 1229 3711 etiam)
1239 3646 1321 3702 iutel-

214 3731 306 3786 lectus
316 3731 346 3784 in
358 3748 407 3785 suo
419 3735 490 3785 actu
526 3730 601 3785 Hinc
612 3731 743 3803 quamdiu
754 3730 835 3784 homo
853 3728 968 3799 dubitat,
978 3735 1007 3784 et
1017 3748 1072 3784 non
1083 3735 1174 3803 potest
1184 3733 1321 3804 quiescere

155 3825 157 3829 '
218 3817 360 3873 intellectu
372 3817 401 3870 in
413 3817 447 3872 iis
459 3834 520 3889 qua
533 3816 719 3889 apprehendit,
732 3816 833 3871 dicitur
850 3834 904 3871 non
917 3816 1015 3872 habere
1024 3835 1176 3874 assensum:
1205 3821 1320 3876 sednon

213 3904 280 3965 ¹ideo
292 3902 346 3958 dici
358 3906 448 3975 potest
460 3903 533 3974 quod
544 3903 693 3958 nonhabet
705 3909 795 3958 actum
807 3903 954 3974 iudicandi,
968 3923 1053 3977 quum
1064 3907 1154 3978 potius
1166 3907 1228 3962 ideo
1239 3909 1319 3965 dubi-

216 3996 266 4060 tet,
279 3991 344 4063 quia
358 3989 460 4045 iudicia
470 3990 548 4062 plura
560 3990 683 4062 opposita
700 3991 760 4060 fert,
773 3991 802 4044 in
817 4008 933 4062 quorum
945 3994 1021 4048 nullo
1040 3994 1180 4051 definitive
1196 3996 1317 4067 quiescit

250 4077 362 4132 Octava.
390 4075 489 4148 Opinio
508 4081 550 4130 est
561 4093 683 4130 assensus
696 4093 760 4130 cum
777 4075 922 4132 formidine
941 4079 1073 4151 oppositi:
1099 4081 1147 4134 ssd
1166 4081 1259 4153 opinio
1276 4089 1318 4138 est

214 4163 347 4218 iudicium
355 4183 363 4233 3
382 4180 446 4234 ergo
459 4161 593 4216 iudicium
607 4179 662 4216 non
679 4163 855 4235 apprehensio
871 4169 920 4234 est,
934 4166 982 4222 sed
997 4183 1134 4237 assensus3
1153 4185 1231 4224 secus
1246 4170 1319 4225 enim

215 4252 307 4324 opinio
318 4269 335 4305 a
346 4248 429 4304 dubio
441 4249 559 4321 positivo
572 4267 626 4304 non
639 4249 857 4322 distingueretur.

248 4337 410 4411 Respondeo
423 4354 444 4392 c.
458 4337 498 4391 M.
512 4337 571 4408 dist.
586 4336 649 4392 mia.
664 4337 755 4409 opinio
768 4342 810 4392 est
821 4337 955 4394 iudicium
967 4338 997 4393 in
1009 4339 1076 4411 fieri,
1090 4331 1138 4397 seu
1157 4348 1234 4400 actus
1246 4343 1318 4400 iudi·
