3186 4982
208 378 277 424 car.
294 359 336 443 a}
581 379 687 424 runnx
702 380 939 426 carcuoorcus.
1243 367 1309 430 285

208 546 251 599 ast
266 540 321 598 nisi
338 559 395 597 esse
413 541 520 596 realiter
534 561 616 598 aream
633 544 663 598 ab
678 543 779 599 ratium
795 546 868 600 enlm
903 545 1015 600 Etenim
1032 547 1105 618 quod
1123 551 1165 602 est
1180 565 1265 604 unum
1279 548 1308 604 iu

208 629 312 684 ratione
324 628 429 683 essendi
440 633 594 701 nonpotest
604 647 659 684 non
676 647 734 684 esse
752 630 899 686 indivisum
916 631 945 685 in
963 650 1000 702 se,
1012 637 1045 686 ut
1062 637 1152 706 patet:
1171 633 1238 689 item
1255 652 1311 691 non

208 719 299 788 potest
309 732 365 769 non
376 732 434 768 cesa
445 714 565 769 divisum
576 714 611 770 ab
623 715 747 769 omnibus
759 716 828 787 aliis,
837 717 937 789 quiesi
948 716 1159 774 communicaret
1169 736 1232 774 cum
1241 720 1311 790 aliis,

208 801 265 855 iam
284 800 419 872 acciperet
438 799 474 854 ab
492 799 527 854 iis
547 818 649 854 novum
668 800 897 873 complementum
918 803 1031 871 essendi,
1048 809 1076 858 et
1096 803 1136 858 sic
1155 805 1191 858 de
1206 822 1235 858 se
1255 823 1311 860 non

208 890 280 940 esset
297 886 463 958 completum
477 886 524 939 sed
540 890 610 940 esset
628 886 730 958 aliquid
743 887 854 942 alterius
875 888 953 943 entis.
988 889 1064 944 Hinc
1079 893 1196 962 apparet,
1214 908 1310 962 quam·

208 971 275 1026 libet
293 989 350 1026 rem
365 971 530 1026 individuari
553 989 601 1044 per
623 972 748 1044 seipsam,
772 977 801 1027 et
821 973 983 1046 principium
1005 974 1230 1031 individuetionis
1254 993 1311 1032 esse

209 1058 421 1128 caacpataticnaa
437 1058 563 1112 actualem
579 1062 655 1112 actus
673 1062 702 1111 et
715 1057 826 1112 termini
842 1058 872 1112 in
892 1059 1041 1114 unitatem:
1069 1060 1156 1132 ipsam
1179 1079 1245 1116 vere
1267 1061 1311 1120 iu-

208 1143 425 1198 dividuationem
447 1160 505 1198 esse
527 1142 598 1198 hanc
621 1143 746 1197 aretatem
769 1161 804 1198 ex
827 1143 877 1198 tali
900 1145 1096 1217 conspiratione
1114 1147 1308 1202 resultantem:

209 1229 384 1285 mdividuum
398 1229 515 1302 denique
531 1247 589 1284 ease
603 1228 691 1301 ipsam
706 1248 762 1284 ram
777 1230 807 1285 in
820 1231 869 1285 tali
887 1231 992 1287 unitate
1004 1233 1136 1306 complete
1148 1234 1311 1290 existentem

210 1315 272 1387 (tv.
285 1333 311 1368 n.
327 1315 436 1385 17-21).

245 1401 288 1456 26.
306 1400 364 1455 Eue
375 1401 447 1455 reale
458 1399 558 1455 dicitur
569 1401 653 1456 etiam
664 1420 712 1456 rec.
749 1402 862 1476 Proprie
875 1409 967 1459 autem
978 1424 1020 1460 rea
1031 1404 1167 1478 significat
1186 1408 1260 1478 quod
1275 1425 1310 1464 ex

166 1490 171 1496 '
209 1494 276 1556 acta,
283 1488 394 1542 terrulae
401 1488 755 1561 etcomplementaexeurgit,
763 1490 840 1544 nulla
850 1489 926 1545 facte
935 1490 1113 1548 abstractione
1127 1493 1204 1565 (VII.
1214 1511 1241 1548 n.
1252 1495 1309 1565 75).

243 1575 339 1646 ltaque
357 1592 399 1628 rea
416 1573 485 1628 dicit
500 1574 530 1628 id
548 1575 621 1646 quod
637 1574 719 1632 habet
736 1576 870 1631 unitatem
888 1595 923 1632 ex
940 1582 1003 1632 actu
1017 1583 1045 1632 et
1055 1579 1172 1634 termino
1183 1579 1213 1634 in
1223 1598 1309 1635 unum

210 1660 430 1734 conspirantibus,
444 1677 492 1714 seu
509 1677 544 1714 ex
562 1679 593 1715 eo
611 1679 661 1731 qao
678 1668 720 1716 est
737 1668 765 1716 et
783 1681 817 1717 ex
835 1679 867 1716 eo
879 1665 948 1734 qaod
958 1667 1009 1732 est,
1020 1668 1052 1717 ut
1063 1681 1135 1736 saepe
1146 1665 1268 1737 loquitur
1279 1665 1309 1721 S.

209 1749 335 1817 Thomas,
348 1765 432 1821 quum
444 1752 521 1802 actus
532 1747 570 1801 sit
581 1747 610 1803 id
622 1766 673 1818 qua
683 1765 725 1802 res
738 1754 787 1818 est,
799 1753 828 1802 et
839 1748 970 1803 terminus
981 1749 1018 1803 sit
1029 1749 1058 1804 id
1072 1751 1141 1821 quood
1153 1769 1201 1823 per
1217 1757 1310 1806 ectum

210 1844 258 1892 est
295 1835 365 1902 Quae
381 1834 564 1907 expressiones
581 1833 661 1888 facile
672 1834 866 1906 inteuigcntn,
879 1834 903 1890 si
915 1835 1117 1890 considerentur
1128 1854 1218 1890 rerum
1229 1837 1311 1909 quid·

209 1925 309 1980 dilates
324 1940 371 1995 per
388 1922 543 1977 earumdem
555 1921 740 1991 definitionea;
760 1921 798 1976 sic
810 1921 884 1975 enim
896 1922 930 1976 de
941 1922 1052 1977 homine
1064 1922 1179 1978 dicimus
1191 1924 1264 1995 quod
1274 1923 1313 1978 sit

207 2011 309 2066 animal
324 2009 465 2064 catenula:
485 2008 586 2062 animal
601 2007 670 2062 dicit
686 2007 716 2062 id
733 2010 802 2079 qaod
818 2007 900 2062 hemo
916 2011 974 2076 sat3
992 2008 1119 2062 rationale
1130 2008 1199 2064 dicit
1209 2009 1246 2078 id,
1260 2027 1311 2080 qao

209 2100 291 2153 homo
308 2101 350 2152 eet
364 2097 454 2150 homo.
490 2095 624 2150 Similiter
638 2112 703 2167 ergo
719 2094 835 2148 dicimus
850 2094 885 2148 de
900 2093 1021 2166 quolibet
1037 2092 1171 2148 existente
1188 2095 1261 2168 quod
1273 2094 1311 2149 sit

209 2184 336 2256 quaedam
352 2182 460 2236 martia
477 2187 597 2236 actuata:
616 2181 724 2235 mertia
741 2180 809 2236 dicit
825 2179 856 2236 id
873 2181 942 2251 quood
957 2197 999 2234 res
1017 2184 1066 2249 est,
1079 2186 1184 2234 actaata
1201 2180 1268 2234 dicit
1279 2180 1309 2236 id

210 2289 260 2342 qao
276 2269 340 2324 talis
357 2267 474 2323 essenth
491 2272 532 2322 est
548 2267 578 2322 in
594 2271 674 2336 actu3
693 2283 775 2338 quare
792 2265 910 2320 essentia
920 2282 981 2337 qua
994 2270 1118 2321 actuatur
1129 2266 1258 2340 competit
1269 2265 1309 2321 rei

207 2362 241 2412 ut
251 2357 391 2425 terminus,
403 2355 545 2410 actualitas
556 2371 620 2409 vero
636 2358 669 2408 ut
685 2359 761 2408 actus
779 2352 843 2408 eius
880 2352 954 2406 Hinc
972 2356 1013 2406 est
1030 2352 1104 2424 quod
1121 2352 1250 2423 quaelibet
1266 2369 1311 2407 res

209 2449 299 2498 creata
310 2441 410 2498 dicitur
420 2458 476 2495 non
486 2440 574 2496 solum
586 2444 706 2494 constare
719 2457 754 2494 ex
765 2445 825 2493 acta
836 2442 865 2494 et
875 2437 993 2508 termino,
1006 2437 1052 2494 sed
1064 2437 1148 2493 etiam
1165 2455 1199 2492 ex
1215 2456 1267 2492 case
1281 2442 1311 2496 et

207 2530 316 2585 aseae
329 2529 390 2602 (Ν.
403 2546 429 2582 n
442 2528 499 2599 27).

100 2621 103 2626 '
242 2617 284 2671 27.
305 2615 363 2670 Ena
379 2615 451 2670 reale
468 2612 613 2687 physicum
625 2611 725 2667 dicitur
736 2612 821 2668 etiam
832 2610 943 2683 aliquod
959 2612 1086 2667 erismae:
1104 2613 1134 2667 et
1144 2612 1240 2668 multa
1252 2612 1310 2668 dis·

209 2703 363 2776 potationes
374 2701 454 2756 iectae
468 2706 532 2755 aunt
543 2717 559 2754 a
571 2699 748 2755 Scholasticis
759 2699 832 2754 circe
843 2697 955 2753 dubium
969 2716 1004 2752 an
1015 2699 1311 2755 acaemitorum

209 2789 337 2844 distincta
348 2788 382 2844 eb
394 2788 501 2842 asanaa
513 2793 624 2841 actaeata
661 2788 783 2859 Apparet
795 2790 885 2840 autem
898 2803 932 2840 ex
943 2784 1113 2857 supradictis,
1125 2784 1196 2840 nihil
1207 2785 1310 2840 adden·

208 2877 275 2930 dum
299 2892 357 2930 esse
376 2873 499 2929 essentia
519 2877 635 2928 actuata
659 2873 695 2928 ad
715 2871 872 2928 habendum
896 2888 943 2926 ena
964 2871 1100 2940 existens,
1130 2888 1216 2943 quum
1236 2871 1310 2926 enim

208 2960 328 3018 actuatio
345 2959 468 3015 essentia
486 2959 523 3014 sit
539 2959 639 3032 positio
657 2964 734 3014 actus
751 2959 782 3013 in
799 2975 849 3012 suo
867 2958 991 3027 termino,
1005 2962 1033 3012 et
1044 2958 1133 3031 posito
1146 2963 1208 3013 ectu
1220 2957 1250 3012 in
1261 2976 1311 3014 suo

208 3047 324 3102 termino
335 3049 451 3118 nequeat
468 3062 523 3099 non
539 3045 668 3099 resultare
685 3045 800 3099 actualis
817 3050 846 3099 et
862 3043 943 3099 realis
959 3043 1050 3098 unitas
1067 3044 1212 3099 entitativa
1228 3044 1263 3100 de
1280 3062 1310 3100 se

208 3133 349 3207 completa,
363 3150 395 3188 eo
406 3131 474 3204 ipae,
486 3130 544 3186 sine
555 3130 613 3186 ullo
625 3130 679 3185 alio
690 3130 791 3200 addito,
804 3130 920 3186 habetur
930 3130 1034 3202 aliquid
1046 3131 1162 3186 macne
1198 3131 1311 3186 Frustra

206 3239 271 3294 ergo
280 3220 412 3294 quaeritrn
422 3218 488 3292 quid
499 3217 542 3273 illi
554 3217 708 3273 addendum
718 3217 754 3271 sit
762 3221 794 3270 ut
806 3216 913 3272 existat
942 3215 1041 3282 'Quare
1053 3217 1187 3272 nauata
1199 3219 1264 3272 cratia
1272 3224 1310 3272 eat
1376 3279 1380 3287 ,

206 3309 264 3380 epea
281 3307 359 3362 realta
376 3305 524 3361 eminam
540 3311 613 3360 actae
630 3303 1007 3376 adtermimmiafactaacac.
1044 3303 1308 3376 Dicoiafactaaaaa,

98 3401 101 3408 '
204 3395 271 3468 quia
282 3413 331 3468 pro
349 3393 465 3463 entibus,
476 3408 538 3465 quae
554 3391 589 3447 ab
604 3391 659 3445 alio
674 3395 746 3459 sunt,
758 3389 914 3444 terminatio
925 3394 1002 3444 actus
1014 3389 1049 3444 ad
1060 3390 1207 3444 terminum
1218 3395 1310 3464 potest

205 3481 293 3554 accipi
304 3481 411 3553 infieri,
424 3484 454 3534 et
464 3483 531 3535 tunc
543 3477 678 3550 significat
689 3476 760 3532 entis
769 3476 963 3547 productiorem
973 3493 979 3528 ε
999 3492 1083 3547 quum
1095 3481 1187 3531 eutem
1198 3495 1233 3532 ex
1245 3494 1309 3550 pro·

207 3569 333 3624 ductione
344 3569 457 3621 resultet
469 3565 610 3634 murata,
619 3563 680 3618 haec
692 3567 735 3618 eat
745 3561 816 3617 illud
827 3562 855 3616 ab
860 3562 938 3634 facto
947 3579 998 3615 asae
1009 3562 1082 3632 quod
1093 3561 1142 3616 illa
1150 3568 1192 3617 est
1199 3563 1306 3635 inflet.
1388 3625 1389 3628 Ἴ

207 3653 362 3708 Eristentia
372 3652 457 3725 igitur
467 3651 539 3707 nihil
550 3649 625 3707 aliud
636 3655 678 3707 est
689 3649 742 3704 nisi
747 3649 876 3723 famatis
886 3648 1021 3703 resultatio
1035 3649 1222 3704 tenniaatabaia
1237 3656 1309 3706 aaa

199 3739 289 3812 peimi
298 3739 335 3792 ad
344 3740 491 3793 terminum

242 3826 287 3880 Ex
302 3825 382 3880 dictis
394 3829 510 3898 apparet,
523 3824 658 3880 caecam
673 3829 806 3878 muctam
821 3820 926 3876 differre
938 3821 971 3875 ab
982 3819 1123 3890 muntia,
1137 3821 1207 3876 daut
1219 3827 1308 3878 toturn

205 3911 348 3986 physicum
360 3911 501 3982 adaquato
512 3914 652 3983 sumptum
668 3909 758 3965 differt
776 3927 793 3964 a
810 3909 898 3981 seipso
914 3908 1084 3979 inadaequate
1100 3913 1216 3981 sumpto,
1227 3928 1254 3965 v.
1268 3927 1307 3982 gr.

205 4000 277 4054 sicut
293 3997 394 4052 animal
411 3997 542 4052 rationale
559 3996 650 4051 differt
661 4015 677 4050 a
687 4013 736 4051 sua
747 3994 939 4051 rationalitate.
975 3994 1044 4048 Hoec
1058 3999 1150 4050 autem
1167 3995 1307 4053 distinctio

205 4091 247 4140 eet
258 4084 371 4139 saionis
382 4087 499 4153 tantmn,
511 4087 544 4138 ut
555 4082 626 4136 infra
636 4081 775 4155 apparebit
788 4081 850 4153 (IV.
864 4099 890 4136 n
903 4080 1078 4151 43in'nota).
1316 4077 1320 4084 '

242 4170 336 4237 Quum
355 4168 495 4244 possibilia
511 4167 632 4223 habeant
650 4168 795 4240 quamdam
816 4165 991 4222 existentiam
1008 4167 1038 4220 in
1055 4166 1205 4238 intellectu,
1221 4170 1308 4241 quaeri

204 4261 295 4330 pct'est
305 4255 372 4329 quid
384 4255 421 4310 sit
433 4270 526 4310 eoram
537 4252 690 4309 existentia
727 4252 783 4309 Sed
794 4271 879 4326 quum
891 4270 947 4308 non
959 4253 1015 4307 sint
1025 4252 1164 4325 possibilia
1177 4255 1206 4308 in
1223 4255 1307 4310 intel·

203 4345 278 4402 lectu
301 4341 450 4400 secundum
468 4357 530 4397 suos
550 4340 670 4423 proprios
690 4343 768 4396 actus
787 4339 921 4409 formales,
942 4337 1036 4394 statim
1056 4343 1174 4412 apparet,
1196 4357 1229 4395 ea
1251 4359 1306 4396 nou
