3240 4986
280 363 343 428 116
735 383 777 428 uu
795 383 925 427 nunno.
1234 359 1323 446 [car.
1341 383 1380 426 rr.

281 548 484 633 portionatam
511 548 550 612 ad
576 546 645 612 illos
674 547 809 628 effectus,
835 548 861 612 si
887 550 920 612 in
947 546 1058 612 debitia
1088 547 1315 613 conditionibus
1344 547 1383 612 ab

280 667 392 746 agente
414 658 567 744 superiore
589 667 745 744 ponantur
755 683 766 739 ς
788 659 821 724 in
843 660 901 726 hoc
923 663 1004 725 enim
1025 660 1164 726 consistit
1185 659 1383 725 instrumenti

279 769 478 856 applicatio*.
525 770 607 836 Hinc
622 769 746 836 effectus
761 793 883 836 accusa
896 770 1123 836 instrumentah
1136 771 1305 856 productus
1320 792 1383 835 non

281 882 445 967 respondet
457 880 576 947 duabus
585 880 760 962 virtutibus,
772 883 885 948 scilicet
900 905 998 948 causae
1009 881 1229 968 principalioris
1240 890 1271 946 et
1285 903 1384 950 causae

280 992 533 1073 instrumentalis,
546 992 599 1058 sed
613 993 711 1058 unicae
724 993 831 1074 virtuti
842 993 985 1058 effectivae
996 1015 1064 1080 quae
1074 1002 1120 1058 est
1135 992 1168 1057 in
1178 993 1384 1058 instrumento

281 1114 317 1170 ut
333 1106 484 1192 applicato
499 1129 517 1170 a
531 1129 622 1171 causa
631 1106 842 1192 principaliorc
850 1133 860 1185 ς
883 1106 1045 1192 applicatio
1059 1106 1141 1171 enim
1156 1106 1221 1171 haec
1234 1129 1296 1172 non
1312 1106 1385 1172 lacit

282 1216 399 1302 aliquid
417 1216 455 1282 dc
468 1218 582 1284 virtute
603 1218 700 1283 activa
715 1218 897 1304 applicantia
912 1217 1040 1283 transire
1062 1218 1095 1282 in
1109 1217 1254 1283 virtutem
1269 1219 1384 1282 instru-

283 1328 504 1413 meutiquam
527 1328 623 1392 virtus
648 1350 712 1392 non
731 1327 895 1414 recipiatur
917 1328 956 1393 ad
979 1327 1104 1394 modum
1127 1328 1249 1393 virtutis
1271 1327 1325 1392 sed
1346 1325 1385 1392 ad

283 1437 409 1503 modum
433 1440 593 1524 passionis.
640 1439 723 1505 Hinc
748 1441 875 1526 quaestio
904 1448 1009 1504 utrum
1034 1448 1171 1505 creatura
1195 1439 1291 1525 possit
1320 1439 1385 1504 fieri

283 1547 523 1614 instrumentum
546 1550 606 1615 Dei
627 1550 660 1614 in
686 1550 816 1615 creando
839 1550 996 1616 reducitur
1017 1549 1056 1615 ad
1078 1550 1306 1636 precedentem,
1325 1574 1385 1636 qua

283 1660 476 1745 querebatur
496 1669 601 1726 utrum
617 1671 754 1727 creatura
768 1663 901 1748 recipere
916 1662 1012 1748 possit
1026 1663 1225 1748 principalem
1240 1663 1384 1729 muntem

282 1770 415 1851 creandi,
430 1794 499 1857 quae
514 1773 652 1857 negative
666 1773 799 1838 resoluta
814 1782 871 1838 est.

327 1883 428 1948 Dices.
452 1882 600 1947 Creatura
619 1892 719 1968 potest
739 1884 849 1950 elevari
863 1884 902 1949 ad
923 1885 1048 1950 modum
1066 1884 1178 1970 agendi
1200 1885 1318 1950 infinite
1333 1908 1384 1950 su-

282 2006 441 2080 perantem
456 2017 543 2059 suam
558 1995 726 2059 naturalem
742 1996 888 2061 virtutem
895 2022 906 2075 3
929 2005 966 2060 ut
980 2004 1064 2082 patet
1078 1997 1112 2060 in
1127 2019 1215 2081 aqua,
1227 1995 1303 2075 oleo,
1316 2004 1384 2076 etc,

283 2127 352 2190 quae
373 2106 453 2170 fiunt
476 2106 681 2171 instrumenta
700 2107 805 2192 gratiae
826 2107 859 2171 iu
880 2106 1086 2186 sacramentis,
1102 2115 1133 2171 et
1156 2106 1190 2171 in
1214 2107 1285 2190 igne
1301 2105 1385 2192 quod

283 2215 419 2281 elevetur
440 2216 480 2281 ad
501 2218 687 2304 torquendas
709 2218 838 2283 animas.
882 2218 965 2303 Ergo
988 2227 1126 2283 creatura
1146 2225 1258 2303 potest,
1278 2216 1384 2281 saltem

283 2328 421 2413 potentia
436 2329 640 2409 obedientiali,
656 2353 721 2394 esse
735 2330 975 2395 instrumentum
990 2329 1160 2395 creationis.

328 2439 550 2525 Respondeon.
562 2449 634 2521 ant„
650 2439 688 2506 ad
703 2440 912 2526 probationem
928 2442 997 2506 dist.
1012 2450 1074 2506 ant.
1087 2441 1166 2505 liunt
1181 2441 1386 2505 instrumenta

284 2550 410 2616 moralia
433 2553 548 2637 gratiae,
574 2560 726 2638 quatenus
750 2553 851 2637 posito
876 2551 931 2616 tali
953 2553 1016 2617 ritu
1039 2552 1126 2617 Deus
1155 2552 1219 2637 ipae
1248 2551 1385 2615 infundit

283 2663 424 2747 gretiam,
440 2672 476 2728 ut
490 2664 677 2749 probabilius
692 2664 802 2729 docent
815 2663 952 2748 theologi
965 2688 991 2729 c.
1003 2672 1077 2744 ant,
1088 2664 1167 2727 liunt
1182 2663 1387 2727 iustrumenta

283 2775 410 2862 physice
429 2776 614 2841 conferentia
636 2776 818 2860 gratiamne.
835 2784 897 2840 unt.
924 2785 953 2841 et
967 2799 1044 2842 conc.
1090 2773 1182 2852 Quod
1200 2796 1270 2840 vero
1289 2775 1386 2860 possit

284 2886 370 2972 ignis
381 2895 522 2973 torquere
536 2888 663 2969 animas,
672 2910 735 2953 non
750 2889 864 2974 pendet
879 2888 917 2953 ab
932 2888 1035 2975 aliqua
1049 2887 1187 2974 potentia
1201 2886 1387 2951 obedientiali

287 2998 382 3084 (quod
407 2999 589 3065 vocabulum
612 3000 772 3065 inventum
798 3009 845 3064 est
868 3001 907 3066 ad
930 2999 1085 3066 fatendam
1111 2999 1210 3085 magis
1232 3020 1324 3084 quam
1348 2996 1387 3061 ad

284 3110 536 3176 dissimulandam
559 3112 725 3176 humanam
747 3111 978 3197 ignorantiam),
994 3112 1048 3176 sed
1069 3134 1106 3175 ex
1128 3111 1187 3175 hoc
1208 3110 1292 3195 quod
1316 3109 1386 3174 sub-

284 3221 398 3286 stantia
418 3220 584 3305 spiritualis
605 3245 624 3286 a
645 3221 737 3286 rebus
757 3220 952 3286 sensibilibus
967 3221 1044 3285 affici
1064 3220 1171 3305 possit,
1187 3220 1212 3283 si
1233 3229 1388 3304 ponantur

285 3331 395 3396 debitas
416 3331 614 3397 conditiones.
661 3331 751 3398 Certe
772 3355 835 3397 non
862 3343 909 3398 est
933 3355 1066 3411 necesse,
1083 3332 1190 3396 dentes
1211 3331 1319 3395 elevari
1341 3349 1407 3395 see

285 3441 422 3506 cuu'dum
436 3446 604 3527 potentiam
626 3443 870 3523 obedientialem,
887 3452 922 3508 ut
937 3444 1039 3508 anima
1061 3451 1184 3507 acutum
1200 3441 1334 3507 dolorem
1354 3442 1386 3504 iu

285 3553 430 3619 dentibus
457 3557 588 3620 sentiat:
618 3554 702 3641 quod
727 3565 831 3620 autem
855 3577 940 3619 nunc
965 3555 1038 3620 lacit
1063 3552 1212 3618 naturalis
1237 3551 1332 3616 animi
1356 3560 1388 3615 et

285 3664 418 3750 corporis
438 3666 621 3746 coniunctio,
638 3665 719 3732 idem
734 3675 787 3732 aut
810 3665 909 3731 simile
923 3666 1013 3730 faciet
1028 3664 1129 3750 aliqua
1147 3663 1205 3728 alia
1220 3684 1283 3727 non
1298 3672 1388 3726 natu·

285 3777 366 3856 ralis,
383 3777 436 3842 sed
459 3777 641 3842 innaturalis
663 3787 693 3842 et
719 3786 822 3843 coacta
844 3777 980 3863 alligatio
1004 3777 1131 3861 spiritus
1154 3774 1193 3840 ad
1220 3774 1389 3839 materiam.

322 3916 336 3944 ⁶
354 3913 448 3968 Motus
460 3912 507 3984 qui
519 3912 684 3986 imprimitur
695 3913 793 3968 malleo
801 3931 857 3968 non
869 3917 910 3968 est
921 3929 1003 3968 cama
1010 3909 1128 3966 efficiens
1140 3909 1334 3980 contusionem,
1342 3909 1390 3965 sed

285 4000 429 4074 applicatio
441 3999 533 4054 mallei
545 4000 579 4054 ad
591 3999 819 4055 contrmdenduua
857 3999 988 4054 Oontusic
1005 3998 1064 4071 ipse
1075 4003 1200 4053 causatur
1210 4014 1259 4069 per
1270 3997 1389 4052 actiones

284 4093 393 4144 mutuas
403 4086 604 4155 monoclerum,
614 4103 675 4158 quoe
688 4085 740 4141 erit
751 4092 829 4142 tauto
840 4086 979 4155 intensior,
989 4092 1090 4157 quanto
1102 4084 1217 4139 malleus
1225 4088 1390 4156 permotum

284 4175 445 4248 impressum
453 4173 866 4247 poteritmagisappropinqusrc
875 4173 913 4229 rei
923 4173 1133 4230 contundendas:
1152 4172 1389 4244 hcecveroeppro·

283 4261 424 4334 pinquatio
443 4267 484 4316 est
500 4277 568 4334 pure
584 4260 714 4331 conditio,
727 4265 756 4316 et
776 4262 836 4318 haec
854 4262 911 4317 sola
928 4261 1028 4334 pendet
1044 4261 1078 4316 ab
1099 4259 1261 4334 applicante,
1273 4263 1306 4313 ut
1322 4258 1387 4314 alibi

285 4353 421 4403 comosum
433 4352 481 4403 est.
