3240 4986
249 400 321 447 cnr.
339 383 394 467 11.]
706 405 748 449 un
765 407 896 453 uuuco.
1288 385 1346 448 101

248 576 406 655 tamquam
428 592 447 634 a
468 569 566 655 prima
587 592 678 636 causa
699 571 860 658 ponendus
881 571 1050 638 necessario
1071 572 1231 638 resultabit
1252 579 1348 639 metu·

248 679 372 766 physice
395 702 432 746 ex
458 680 596 747 duobus:
626 705 663 746 ex
685 690 757 748 actu
781 683 873 748 dante
898 683 1065 749 formaliter
1086 705 1162 762 csse,
1185 683 1238 768 qui
1261 691 1348 747 aetus

247 791 386 876 provenit
408 779 552 857 avirtute
572 792 632 858 Dei
654 793 795 873 creantis,
815 801 847 858 et
868 816 905 858 ex
926 792 1063 879 potentia
1083 792 1249 878 accipiente
1270 813 1346 871 esse,

247 924 316 987 qnae
337 903 475 987 potentia
496 902 574 967 nihil
588 904 682 968 estin
699 926 736 969 eo
757 927 869 990 genere
890 905 970 970 entis
989 905 1023 970 in
1042 927 1111 991 quo·
1125 902 1277 969 actumda
1290 909 1346 967 est.

248 1011 329 1089 Quia
342 1035 414 1078 vero
435 1013 538 1098 agitur
551 1015 601 1080 hic
617 1014 654 1079 de
674 1016 774 1101 prima
792 1015 953 1097 creatione,
968 1039 1037 1102 quae
1058 1024 1161 1082 actuat
1175 1037 1229 1080 ens
1246 1014 1347 1101 primo

247 1133 277 1189 et
296 1124 483 1210 simpliciter,
498 1124 567 1191 ideo
586 1127 724 1212 potentia
743 1128 872 1208 essendi,
888 1128 929 1194 ad
949 1128 1239 1214 quamterminatur
1259 1133 1347 1191 actus

246 1237 387 1317 creantis,
413 1246 460 1302 εει
489 1237 667 1324 simpliciter
688 1238 767 1304 nihil
795 1239 876 1304 entis
897 1239 1059 1305 actualis*.
1103 1239 1187 1324 Ergo
1208 1236 1347 1324 potentia

97 1382 102 1392 ·
205 1421 208 1426 ¹
245 1347 404 1413 actuabilis
418 1371 474 1435 per
487 1350 671 1416 creationem
685 1357 732 1415 est
753 1373 867 1437 purum
881 1350 1013 1416 nihilum
1027 1350 1129 1415 omnis
1142 1349 1240 1414 entis:
1263 1347 1346 1434 quod

245 1457 387 1539 nihilum,
414 1460 537 1544 quando
565 1461 691 1546 ponitur
720 1469 806 1526 actus
835 1462 994 1540 creativus,
1018 1461 1055 1527 fit
1084 1460 1233 1527 terminus
1258 1459 1347 1524 realis
1417 1516 1420 1523 .

245 1577 332 1634 actus
352 1570 498 1652 eiusdem,
513 1578 544 1636 et
558 1571 692 1657 complet
708 1595 781 1637 eum
794 1572 827 1636 in
843 1594 918 1637 esse.
963 1571 1037 1636 Non
1058 1572 1142 1657 quod
1155 1569 1288 1635 nihilum
1309 1579 1345 1634 ut

244 1680 287 1746 sic
311 1681 439 1767 accipiat
461 1683 614 1768 propriam
634 1706 722 1748 suam
743 1683 912 1748 realitatem
929 1684 1037 1768 (quum
1059 1681 1191 1747 nihilum
1213 1690 1345 1768 nequeat

244 1814 313 1858 esse
332 1793 411 1859 reale
433 1793 466 1858 in
482 1796 538 1880 se),
554 1794 608 1860 sed
630 1795 702 1881 quia
722 1775 867 1861 terminat
889 1803 992 1861 aetum
1014 1794 1048 1859 in
1066 1815 1132 1860 esse
1151 1793 1233 1876 reali,
1247 1802 1279 1859 et
1302 1793 1346 1860 sie

165 1891 169 1898 ¹
244 1903 309 1969 eius
324 1905 492 1970 realitatem
507 1908 690 1972 terminative
702 1906 873 1993 participet.

288 2014 371 2079 Hinc
386 2015 534 2100 sequitur,
550 2016 634 2100 quod
646 2037 737 2081 omne
751 2022 887 2081 creatum
905 2014 1073 2080 secundum
1088 2015 1203 2101 aliquid
1217 2022 1264 2079 est
1278 2037 1345 2096 ens,

243 2133 274 2190 et
296 2126 465 2191 secundum
485 2126 601 2212 aliquid
621 2135 747 2192 estnon
766 2150 831 2193 ens.
875 2127 932 2192 Est
952 2149 1006 2192 ens
1026 2125 1195 2192 secumdum
1214 2126 1247 2192 id
1261 2127 1345 2213 quod

243 2245 314 2301 actu
327 2236 439 2303 transit
456 2261 476 2303 c
489 2237 602 2304 virtute
621 2237 752 2304 creantis
767 2239 799 2303 in
814 2239 936 2325 ipsum:
959 2247 1006 2302 est
1022 2260 1084 2302 non
1098 2260 1153 2303 ens
1174 2239 1342 2303 secundnm

242 2346 454 2414 habitudinem
475 2349 587 2415 realm
606 2372 699 2436 quam
714 2349 789 2415 dicit
810 2349 897 2414 adid
918 2349 1002 2435 quod
1016 2349 1128 2414 retinet
1150 2349 1188 2413 de
1203 2371 1259 2414 suo
1280 2373 1343 2415 non

242 2481 307 2523 esse
329 2460 530 2545 praecedente,
554 2461 656 2526 idest
682 2461 851 2528 secundum
880 2460 963 2546 quod
987 2471 1034 2526 est
1062 2460 1229 2526 limitatum
1255 2462 1343 2527 etin

242 2571 387 2656 potentia.
433 2572 564 2650 Quando
587 2574 670 2639 enim
695 2596 743 2639 res
764 2597 784 2639 c
808 2573 906 2639 nihilo
927 2573 1076 2654 educitur,
1099 2577 1194 2640 uirtus
1216 2578 1344 2640 creontis

234 2686 374 2768 producit
396 2694 494 2750 actum
517 2709 602 2752 cuum
626 2689 659 2751 ic
683 2709 717 2752 eo
742 2688 821 2771 qiud
839 2669 901 2751 ¹nou
922 2691 976 2767 est,
995 2694 1143 2770 tamquam
1163 2688 1197 2750 ic
1219 2689 1344 2771 wadum

232 2798 369 2880 potentia
397 2799 508 2862 essendi
518 2825 529 2877 3
559 2806 591 2862 et
621 2799 663 2863 sic
692 2798 759 2883 ipsc
787 2806 924 2863 creatura
954 2819 1017 2862 non
1045 2806 1092 2862 est
1121 2797 1182 2861 nisi
1204 2801 1341 2882 potentio

239 2909 350 2971 menidi
371 2913 511 2974 actuata(
547 2909 640 2973 Unde
664 2908 696 2974 S.
719 2908 852 2973 'lhomas
872 2907 998 2992 (Opusc.
1018 2908 1108 2974 xxvii.
1129 2916 1236 2973 eontra
1258 2932 1341 2974 mur-

240 3021 425 3103 murantes):
456 3020 533 3083 Esse
557 3043 615 3085 nou
640 3021 726 3084 dohet
755 3029 890 3085 nectura
915 3007 974 3083 cici
998 3021 1035 3084 ab
1063 3019 1133 3098 clio,
1159 3021 1217 3084 sibi
1245 3031 1342 3086 αειειη

238 3130 350 3210 relicto,
368 3132 400 3194 ic
421 3152 453 3194 ae
474 3131 667 3209 considerato,
685 3131 762 3194 nihil
783 3139 846 3206 est,·
868 3131 944 3194 uude
959 3133 1047 3215 prius
1067 3131 1243 3194 cctwudter
1265 3132 1341 3196 inest

237 3242 294 3304 cibi
317 3262 430 3321 ulain,
451 3264 538 3326 quom
562 3261 648 3306 assu.
695 3241 779 3307 Hinc
801 3249 939 3306 creatura
963 3250 1011 3307 εει
1035 3241 1235 3307 essentialiter
1253 3241 1342 3307 finita

155 3365 158 3372 ’
238 3360 269 3417 ει
283 3352 468 3438 potentialis.

258 3465 333 3529 .29.
362 3465 497 3529 Obiicics.
529 3463 563 3529 Si
588 3463 631 3529 ita
655 3472 711 3544 eat,
737 3465 824 3529 Deus
849 3464 954 3529 eduxit
979 3463 1130 3528 mundum
1155 3487 1191 3528 ex
1214 3465 1340 3530 materia

270 3690 289 3728 ⁴*
306 3685 397 3758 AEque
413 3687 514 3742 dicitur
531 3688 605 3759 quod
621 3691 698 3742 aetius
715 3687 850 3742 creativus
861 3685 1022 3740 terminatur
1039 3684 1075 3739 cd
1088 3685 1207 3739 nihilum
1221 3690 1249 3740 ct
1266 3687 1339 3758 quod

236 3770 397 3829 terminatur
412 3773 447 3828 ad
464 3791 513 3828 ens
531 3778 659 3839 creatum,
672 3773 721 3828 sed
735 3772 765 3827 in
780 3773 887 3828 diverso
905 3789 992 3826 sensu
1029 3770 1202 3826 Terminatur
1212 3772 1286 3826 enim
1304 3774 1339 3828 ed

236 3860 354 3915 nihilum
365 3867 395 3915 ut
406 3863 443 3916 ad
453 3861 593 3916 teminum
604 3861 773 3930 centenalem,
783 3878 814 3914 eo
826 3877 876 3930 quo
887 3858 970 3912 educit
981 3875 1040 3912 eas:
1059 3858 1220 3932 terminetur
1231 3876 1295 3913 vero
1304 3859 1339 3914 ad

235 3964 283 4002 cns
295 3951 415 4002 creatum
425 3954 455 4002 ut
466 3949 503 4002 ad
513 3947 653 4002 terminum
658 3947 812 4020 sensualem,
826 3963 875 4016 quo
886 3945 1026 4014 completur
1036 3944 1066 3997 in
1078 3962 1130 3998 esse
1140 3950 1212 3998 actua
1224 3945 1337 4000 ενεαιίυί

234 4033 273 4088 Ει
288 4033 329 4088 sic
340 4034 435 4088 eodem
453 4035 534 4090 modo
552 4033 653 4089 dicitur
664 4033 747 4088 etiam
765 4031 916 4087 deuotione
934 4029 1074 4102 serdpendi
1089 4029 1162 4101 quod
1177 4030 1339 4086 terminatur

234 4120 270 4175 ad
286 4137 412 4188 marmor,
425 4119 455 4175 in
472 4139 526 4193 quo
540 4119 670 4193 recipitur
687 4120 765 4188 actio,
778 4123 807 4172 et
823 4118 896 4190 quod
913 4117 1073 4190 terminatur
1084 4115 1119 4170 cd
1136 4120 1263 4186 statuum,
1275 4135 1337 4189 quae
1453 4191 1455 4196 Ι

234 4212 276 4262 est
297 4207 429 4261 terminus
447 4207 567 4261 formalis
588 4205 771 4280 operationem
791 4204 929 4276 complens
948 4203 978 4256 in
999 4219 1056 4258 esse
1068 4202 1230 4286 sculptum.
1266 4203 1338 4260 Item

233 4293 304 4348 actio
317 4293 423 4349 motiva
433 4294 593 4349 terminatur
601 4298 659 4348 tam
670 4293 706 4348 cd
716 4291 860 4349 materiam
871 4290 988 4357 mobilis,
998 4305 1080 4361 quom
1092 4289 1128 4344 cd
1138 4293 1244 4344 motum
1255 4307 1336 4362 quem

231 4379 356 4452 producit
367 4380 399 4437 in'
409 4381 537 4437 materia:
557 4386 585 4437 et
596 4380 670 4438 idem
682 4380 726 4437 dic
737 4381 771 4436 de
784 4378 845 4434 aliis
857 4376 999 4433 similibus.
