3222 4984
248 339 313 402 212
692 355 734 398 ns
752 355 916 400 rurrmro.
970 377 973 382 ‚
1210 335 1295 422 [car.
1313 355 1354 398 ιι.

251 547 313 590 non
330 525 459 611 impedit
473 524 640 610 rigorosam
651 525 866 611 [equalitatem.
919 525 1004 609 Ergo
1015 523 1172 590 infinitum
1181 531 1357 590 manetnon

253 639 353 704 solum
378 636 544 715 infinitum,
569 635 623 700 sed
648 639 774 701 omnino
802 659 889 722 aeque
915 636 1072 700 infinitum
1098 643 1128 700 et
1153 636 1210 700 sibi
1224 636 1357 721 perfecte

249 748 373 833 aequale,
388 748 507 812 etiamsi
521 748 567 814 illi
577 748 705 813 tollatur
719 771 790 834 pars
806 748 904 834 finita.
949 747 1042 824 Quod
1056 757 1160 812 autem
1175 747 1241 812 sine
1255 757 1355 812 muta·

251 859 335 922 tione
350 859 495 937 aufertur,
513 858 579 923 sine
593 859 763 924 mutatione
786 859 907 923 restitui
924 866 1047 942 potest,
1070 867 1101 922 et
1116 859 1184 922 ideo
1199 859 1355 924 infinitum

252 979 356 1036 manet
372 971 465 1051 idem,
481 971 573 1037 etiam
589 972 615 1035 si
629 971 658 1035 ei
674 971 806 1035 addatur
821 971 936 1056 aliquid
950 971 1083 1035 finitum.
1127 971 1169 1035 Et
1184 972 1355 1036 confirmari

249 1092 352 1168 potest
370 1083 488 1147 ratione
499 1082 595 1147 obvia
641 1083 722 1147 Nam
739 1105 836 1167 quum
857 1082 979 1147 infinita
1002 1082 1095 1147 series
1114 1083 1270 1147 unitatum
1290 1105 1354 1147 non

251 1193 363 1258 habeat
389 1193 538 1257 rationem
561 1192 680 1256 finitam
707 1192 746 1257 ad
783 1193 945 1272 unitatem,
970 1192 1094 1256 sublata
1112 1193 1230 1257 unitate
1255 1200 1353 1256 servat

252 1327 338 1368 suam
354 1304 504 1368 rationem
519 1304 649 1368 essendi.
696 1303 776 1368 Aliis
790 1304 900 1384 verbis,
912 1304 1036 1368 finitum
1051 1304 1168 1368 nullam
1182 1304 1353 1389 habetpro·

249 1416 419 1500 portionem
435 1414 474 1478 ad
488 1415 658 1493 infinitum,
681 1437 755 1500 ergo
765 1415 887 1479 finitum
896 1415 1005 1500 nequit
1016 1437 1139 1480 causare
1150 1416 1351 1480 mutationem

248 1527 358 1590 valoris
373 1527 406 1589 in
420 1525 552 1590 infinito.

294 1640 346 1702 21.
376 1638 502 1700 Obiicim
519 1639 562 1699 1⁰.
596 1635 695 1700 Series
709 1637 865 1721 proposita
879 1659 944 1702 non
960 1646 1006 1702 est
1020 1637 1150 1717 infinita,
1162 1637 1216 1703 sed
1229 1647 1352 1703 tantum

248 1749 417 1813 indefinita.
464 1749 537 1811 Non
552 1747 633 1811 enim
648 1756 750 1832 potest
764 1757 830 1812 tota
844 1747 934 1812 sumi.

250 1941 254 1948 ἡ
293 1857 476 1942 Respondes
490 1881 518 1922 a.
535 1866 598 1922 ant.
643 1857 726 1921 Nam
741 1856 936 1922 indefinitum
952 1879 1015 1922 non
1025 1858 1160 1923 excludit
1169 1859 1350 1924 terminum:

249 1971 314 2035 haec
330 1978 431 2034 autern
449 1970 540 2032 series
554 1990 591 2032 ex
605 1976 716 2032 natura
739 1969 924 2052 operationis
946 1991 982 2032 ex
1006 1992 1068 2054 qua
1090 1971 1187 2034 oritur
1209 1979 1255 2034 est
1279 1971 1351 2035 sirn-

251 2081 371 2166 pliciter
387 2079 451 2143 sine
466 2080 536 2158 fine,
553 2101 607 2143 seu
618 2078 785 2143 formaliter
799 2079 963 2144 excludens
977 2080 1090 2144 finem:
1125 2103 1199 2164 ergo
1221 2091 1268 2146 est
1282 2104 1352 2146 vere

250 2205 281 2258 et
318 2191 438 2277 proprie
474 2191 604 2273 infinita.
664 2191 714 2254 Ad
751 2192 900 2256 rationem
930 2191 1066 2256 additam
1096 2193 1163 2256 dat.
1194 2202 1257 2257 unt.
1286 2215 1350 2256 non

157 2379 164 2388 ¹
247 2313 348 2391 potest
373 2287 439 2368 tofa
462 2303 543 2367 sumi
557 2325 612 2386 per
631 2286 806 2386 processum
834 2303 1046 2384 successivum,
1063 2302 1142 2367 sicut
1167 2325 1224 2368 nec
1248 2311 1350 2388 potest

248 2397 314 2480 tota
336 2414 438 2494 scribi,
455 2414 527 2499 quia
548 2414 602 2477 hic
623 2435 781 2498 processus
803 2436 922 2498 semper
944 2413 1089 2498 relinquit
1112 2413 1229 2498 aliquid
1255 2425 1348 2495 extra,

247 2549 326 2592 conc.
343 2535 404 2590 ant.
421 2547 483 2589 non
497 2531 598 2610 potest
613 2533 677 2588 tota
693 2525 773 2588 sumi
787 2546 851 2588 uno
872 2536 953 2606 actu,
969 2527 1110 2610 negando
1132 2527 1197 2590 eius
1219 2525 1349 2590 limitem

246 2661 276 2702 a.
294 2646 356 2702 ant.
373 2645 402 2700 et
416 2658 495 2701 coos.
539 2635 630 2698 Ratio
655 2644 702 2698 est
722 2635 803 2719 quia,
827 2635 898 2699 licet
916 2637 1046 2720 practice
1069 2637 1160 2701 series
1182 2639 1349 2702 successive

249 2750 414 2827 evolvatur,
429 2756 460 2812 et
475 2769 545 2831 pars
561 2747 674 2830 scripta
688 2745 728 2810 sit
744 2769 862 2830 semper
883 2747 971 2810 finita
993 2768 1027 2810 ac
1042 2770 1112 2832 pars
1128 2748 1287 2814 scribenda
1300 2749 1347 2813 in-

244 2861 341 2940 finita,
358 2858 440 2944 quod
451 2857 607 2943 proprium
624 2866 670 2921 est
681 2857 794 2922 infiniti
808 2859 841 2921 in
856 2857 1003 2956 potentia,
1016 2867 1151 2923 attamen
1165 2859 1230 2924 haec
1245 2862 1348 2924 omnia

247 2979 406 3050 scribenda
420 2978 486 3041 iure
501 2977 627 3042 omnino
642 2977 830 3061 concipimus
852 2985 1010 3061 tamquam
1035 2986 1106 3042 actu
1131 2962 1291 3042 existentia
1313 2979 1347 3043 in

247 3092 332 3169 serie,
348 3113 384 3154 ex
398 3089 577 3152 necessitate
588 3088 779 3152 arithmetica
792 3089 927 3173 negandi
941 3089 1069 3153 limitem
1087 3089 1183 3155 seriei.

289 3202 382 3280 Quod
395 3223 465 3266 vero
481 3199 571 3264 series
586 3199 736 3263 eiusmodi
757 3201 853 3284 possit
867 3209 933 3264 tota
951 3201 1041 3281 sumi,
1057 3200 1100 3264 sic
1115 3200 1229 3265 directe
1243 3212 1345 3265 osten·

245 3315 339 3379 ditur.
394 3313 428 3377 Si
451 3310 696 3396 repraesentando
719 3311 827 3375 seriem
845 3313 964 3388 0‚3333
982 3358 989 3374 .
1008 3360 1015 3374 .
1034 3359 1041 3376 .
1060 3360 1067 3374 .
1084 3334 1138 3396 per
1157 3335 1189 3391 a,
1209 3313 1345 3377 invenia-

244 3448 314 3490 mus
328 3425 423 3506 κει,
438 3422 521 3487 valor
535 3445 557 3486 a
570 3421 797 3507 repraesentabit
812 3421 968 3486 evidenter
984 3431 1084 3486 totum
1107 3422 1238 3496 valorem
1258 3424 1345 3488 seriei

242 3523 380 3601 infinitae.
425 3533 522 3619 Atqui
537 3517 692 3598 invenitur
705 3532 800 3612 (σεξ.
846 3534 928 3597 Nam
950 3535 1171 3618 exaequatione

634 3645 842 3722 a=0‚33333
860 3690 868 3727 .·
886 3691 893 3708 .
911 3691 919 3708 .
937 3691 944 3708 .

242 3759 475 3846 multiplicando
489 3757 561 3822 hinc
576 3765 607 3821 et
621 3755 693 3819 inde
707 3777 762 3839 per
778 3758 829 3834 10,
844 3753 1000 3820 obtinetur
1016 3755 1240 3834 10a=3,3333
1258 3803 1265 3819 .
1283 3803 1291 3820 .
1309 3803 1317 3820 .
1334 3804 1343 3821 .

241 3873 334 3937 idest
488 3927 491 3960 3
592 3868 785 3938 10ae=3÷e

241 3984 324 4049 unde
569 4063 571 4068 Ι
613 3979 720 4042 9oe=3

240 4104 272 4159 et
287 4099 509 4178 consequenter
637 4093 733 4174 22:31.

286 4205 347 4269 Hic
361 4225 434 4290 ergo
456 4201 539 4266 valor
553 4208 600 4264 est
614 4199 705 4277 fixus,
721 4206 752 4262 et
768 4197 890 4284 quidem
903 4196 1002 4281 qualis
1011 4196 1101 4261 debet
1123 4219 1188 4262 esse
1210 4218 1265 4282 pro
1276 4207 1342 4262 tota

243 4316 328 4394 serie,
343 4336 406 4377 non
420 4335 476 4397 pro
490 4311 555 4376 eius
574 4318 660 4396 parte
678 4309 774 4372 finita.
821 4308 855 4372 Si
870 4308 951 4372 enirn
974 4331 1036 4372 non
1060 4309 1224 4372 sumsimus
1244 4317 1340 4372 totam
