3222 4984
271 341 336 408 236
708 362 752 406 nn
768 361 932 406 rurrurro.
1217 338 1302 422 [car.
1319 357 1375 400 111.

270 532 324 590 sut
339 523 480 610 pluribus
501 533 555 590 aut
571 526 715 591 omnibus
738 526 837 592 modis
858 548 921 591 non
936 523 1053 611 praebet
1073 531 1255 609 conceptum
1269 522 1378 608 figurae

270 635 342 701 hinc
363 646 417 701 aut
433 636 506 701 inde
528 645 583 702 aut
604 637 741 724 undique
755 638 862 702 finitae.
905 637 947 702 llt
962 637 1030 701 ideo
1046 635 1210 701 dicendum
1224 643 1270 699 est
1292 633 1378 719 quod

270 748 426 832 quantitas
444 748 476 812 in
492 757 615 814 tantum
637 748 730 815 habet
744 750 886 834 figuram,
901 749 935 814 in
958 757 1109 834 quantum
1124 747 1218 812 habet
1235 745 1377 825 limitem,

269 881 334 923 non
348 868 451 924 autem
472 868 586 927 eontra.
633 861 721 926 Nihil
742 884 816 947 ergo
836 860 964 946 impedit
984 859 1150 945 quominus
1167 858 1323 945 quantitas
1342 857 1400 920 in·

270 993 381 1056 genere
396 971 549 1037 dividatur
563 973 596 1037 in
611 972 730 1037 finitam
751 980 783 1038 et
797 971 970 1036 infinitam:
993 970 1080 1036 finita
1095 978 1141 1034 est
1157 992 1226 1056 quae
1239 968 1378 1054 undique

269 1081 430 1163 limitatur,
445 1092 476 1148 et
496 1091 716 1169 consequenter
737 1082 831 1148 habet
844 1083 975 1167 figuram
996 1080 1132 1168 undique
1146 1081 1283 1146 linitam:
1306 1079 1377 1143 infi-

270 1198 337 1262 nita
359 1206 405 1263 est
434 1221 504 1284 quae
533 1221 597 1264 non
625 1198 763 1284 undique
791 1198 952 1277 limitatur,
979 1206 1010 1262 et
1033 1205 1261 1281 consequenter·
1284 1194 1377 1258 habet

270 1311 400 1395 liguram
423 1333 487 1376 non
512 1310 649 1395 undique
674 1309 804 1389 finitam,
831 1309 885 1374 sed
908 1331 944 1373 ex
973 1307 1075 1393 eliqua
1100 1315 1188 1393 perte
1212 1307 1376 1371 infinitam.

272 1421 354 1486 Nam
369 1422 448 1486 sieut
463 1429 536 1486 sunt
551 1421 656 1485 multae
671 1420 785 1506 speeies
800 1419 983 1506 quantitatis
993 1419 1089 1483 finitae
1103 1426 1228 1504 propter
1242 1418 1377 1483 diversos

270 1533 384 1597 limites
406 1533 518 1617 quibus
541 1532 664 1598 relative
684 1532 858 1597 limitantur
875 1541 908 1596 et
920 1532 1104 1616 figurantur,
1120 1531 1164 1594 ita
1180 1539 1253 1594 sunt
1271 1529 1377 1594 multae

187 1645 190 1654 '
271 1644 385 1729 speeies
407 1643 589 1729 quantitatis
603 1643 731 1708 infinita
745 1653 870 1729 propter
892 1643 1025 1708 diversas
1039 1641 1217 1726 negationes
1231 1640 1377 1718 limitum,

271 1776 340 1839 quae
360 1753 492 1818 diversas
506 1754 621 1838 figuras
643 1777 679 1818 ex
694 1754 761 1818 aliis
775 1754 926 1819 limitibus
947 1753 1131 1818 resultantes
1153 1752 1323 1816 extendunt
1342 1752 1376 1816 in

271 1864 439 1928 infinitum.
483 1863 595 1945 Quare,
611 1864 638 1928 si
652 1865 778 1931 daretur
799 1867 955 1952 quantitas
970 1864 1107 1949 undique
1122 1865 1252 1944 infinita,
1268 1887 1375 1929 evane-

272 1985 375 2040 scente
390 1975 475 2040 omni
493 1976 591 2041 limite
605 1977 706 2042 omnis
720 1977 820 2062 figura
841 1985 1050 2042 evanesceret:
1074 1977 1127 2041 sed
1143 1976 1275 2041 solidum
1289 1977 1376 2040 cuius

272 2089 335 2156 sola
348 2089 512 2174 longitudo
533 2097 611 2154 esset
626 2089 747 2154 infinita
768 2097 871 2173 posset
887 2088 986 2154 adhuc
1008 2087 1119 2154 habere
1132 2089 1264 2154 formam
1279 2090 1376 2177 cylin-

272 2200 387 2266 drieam
401 2209 455 2265 aut
469 2199 676 2286 prismatioam
691 2207 745 2264 aut
761 2198 862 2264 aliam.

315 2315 368 2376 43.
396 2313 524 2376 Obiioies
538 2314 583 2376 2⁰.
606 2310 824 2374 Dimensiones
850 2308 1015 2374 voluminis
1040 2319 1199 2396 nequeunt
1221 2333 1285 2375 esse
1307 2310 1376 2375 infi-

271 2423 344 2488 nitae
354 2448 365 2502 ;
395 2446 469 2507 ergo
497 2431 650 2508 repugnat
679 2421 815 2486 extensio
844 2421 975 2486 infinita.
1021 2421 1112 2486 Prob.
1138 2430 1202 2486 ant.
1246 2421 1375 2486 Dimen-

272 2536 371 2600 siones
386 2535 577 2619 accipiuntur
592 2533 761 2598 seeundum
777 2533 873 2597 lineas
888 2541 1005 2598 restas:
1029 2532 1084 2597 sed
1097 2532 1183 2624 nulla
1200 2532 1280 2598 linea
1294 2541 1376 2597 resta

272 2655 318 2712 est
333 2646 454 2710 infinita
461 2671 472 2726 3
493 2667 566 2709 narn
581 2645 608 2709 si
622 2666 716 2730 prope
726 2643 840 2710 lineam
855 2652 969 2709 rectam
984 2643 1133 2709 habeatur
1147 2644 1227 2708 linea
1242 2645 1374 2723 sinuosa,

272 2759 373 2823 omnis
398 2780 468 2844 pars
496 2756 585 2821 lineae
607 2763 696 2822 reotae
721 2755 779 2820 erit
808 2756 910 2821 minor
939 2763 1026 2840 parte
1054 2755 1257 2841 respondente
1286 2754 1376 2820 lineae

272 2869 421 2934 sinuosae:
445 2875 476 2931 et
499 2867 542 2932 sio
561 2867 641 2930 linea
663 2873 745 2930 recta
769 2865 890 2930 infinita
911 2873 991 2929 esset
1013 2865 1133 2930 brevior
1154 2865 1235 2930 linea
1253 2865 1376 2929 sinuosa

272 2979 412 3044 infinita:
435 2978 489 3043 sed
502 2977 588 3064 quod
601 2986 648 3042 est
661 2977 784 3044 brevius
799 2977 894 3042 altero
908 2998 971 3041 non
986 2985 1033 3040 est
1047 2976 1215 3043 infinitum.
1259 2975 1352 3060 Ergo.

316 3090 498 3175 Respondeo
517 3113 548 3154 n.
564 3098 626 3154 aot.
642 3089 681 3154 ad
703 3089 913 3174 probationem
935 3111 961 3154 c.
977 3089 1028 3154 M.
1042 3112 1071 3152 n.
1088 3091 1158 3152 min.
1174 3097 1205 3153 et
1225 3088 1264 3154 ad
1283 3089 1376 3153 huius

273 3201 483 3287 probationem
509 3224 533 3266 e.
557 3202 607 3265 M.
628 3225 658 3265 n.
677 3203 748 3266 min.
809 3201 900 3266 Ratio
923 3208 971 3265 est
1000 3201 1071 3286 quia
1101 3201 1192 3266 datur
1220 3201 1376 3266 infinitum

271 3314 394 3378 infinito
415 3313 523 3393 maius,
540 3320 571 3377 et
594 3312 637 3376 sie
652 3311 730 3376 nihil
747 3311 887 3398 probibet
904 3311 1017 3377 lineam
1032 3320 1203 3390 tortuosam
1224 3313 1376 3379 infinitam

141 3493 146 3504 ,
273 3448 339 3489 esse
353 3424 498 3488 maiorem
512 3424 593 3488 linea
607 3431 689 3489 reeta
702 3423 833 3488 infinita.

316 3539 369 3601 44.
397 3537 525 3600 Obiities
538 3539 584 3615 3⁰,
599 3557 670 3599 oum
686 3535 719 3600 S.
729 3535 857 3600 Thomu.
891 3533 1012 3620 Corpus
1025 3533 1182 3598 infinitum
1196 3557 1259 3599 non
1274 3545 1377 3620 posset

274 3649 407 3714 moveri:
438 3647 618 3733 etquidem
643 3668 708 3711 non
732 3654 820 3710 motu
845 3653 937 3726 recto,
963 3649 1035 3732 quis
1059 3646 1105 3710 nil
1128 3654 1268 3712 movetur
1290 3656 1376 3712 motu

273 3769 356 3824 recto
370 3757 431 3822 nisi
453 3758 536 3844 quod
550 3767 596 3822 est
618 3765 701 3822 extra
716 3779 808 3821 suum
821 3757 934 3822 loeum.
979 3758 1077 3843 Atqui
1099 3758 1156 3824 hoo
1172 3759 1290 3844 corpori
1304 3759 1375 3824 infi-

273 3871 340 3936 nito
365 3868 500 3935 accidere
525 3891 588 3933 non
613 3876 734 3952 posset3
758 3869 860 3933 omnia
885 3869 968 3933 enim
992 3868 1059 3934 loca
1083 3877 1254 3954 occuparet,
1277 3879 1308 3934 et
1334 3871 1378 3935 sie

272 3981 481 4046 indifferenter
503 3979 632 4064 quilibet
654 3979 739 4044 loeus
756 3987 835 4044 esset
857 3979 942 4044 loeus
965 3980 1040 4046 eius.
1087 3981 1154 4046 Neo
1172 3989 1259 4046 motu
1280 3982 1376 4046 enou-

272 4093 339 4173 lari,
354 4092 425 4177 quia
444 4091 478 4155 in
500 4091 558 4156 hoo
576 4099 664 4156 motu
684 4113 748 4156 una
770 4113 840 4176 pars
861 4093 1043 4157 transfertur
1064 4092 1104 4158 ad
1124 4092 1226 4158 looum
1241 4093 1295 4158 ubi
1316 4092 1376 4158 fuit

272 4202 348 4267 alia:
371 4208 402 4265 et
417 4200 475 4265 hoe
489 4201 521 4267 in
545 4201 665 4265 infinito
680 4223 746 4266 esse
760 4201 879 4287 nequit,
895 4202 967 4288 quia
988 4202 1065 4268 radii
1080 4203 1185 4268 circuli
1204 4203 1318 4268 infiniti
1332 4203 1376 4269 ita

272 4312 452 4406 procedunt,
467 4323 503 4378 ut
529 4313 654 4378 tandem
681 4315 800 4378 infinite
823 4314 938 4380 distent
960 4315 999 4380 ad
1021 4315 1171 4382 invicem:
1194 4325 1226 4381 et
1249 4317 1291 4382 sio
1313 4338 1376 4380 una
