3186 4982
214 364 282 415 osa.
300 347 339 434 1.]
584 370 689 414 runsx
704 369 942 416 ouronoorcus.
1249 351 1313 414 281

215 540 358 609 causantis,
371 539 438 595 aaa
448 547 535 596 tomen
546 541 742 614 estformaliter
752 541 783 596 in
795 559 827 596 ea
837 541 941 598 ratione
949 539 1080 610 entitatis,
1093 540 1171 596 cuius
1181 525 1319 613 possiliili-

215 631 257 681 tas
269 626 438 700 preadicatur.
476 627 522 682 Sic
533 628 698 700 possibilitas
709 629 827 684 hominis
839 629 977 683 invirtute
990 629 1083 684 divina
1091 646 1146 683 non
1157 627 1240 683 aliam
1251 627 1321 682 enti·

215 718 301 768 tatem
312 713 394 768 habet
406 720 503 786 praeter
514 714 643 784 divinam,
652 720 681 769 et
689 715 759 769 nihil
769 716 892 770 continet
903 716 937 771 de
946 717 1060 771 entitate
1069 715 1175 770 formali
1184 714 1316 769 hominis:

214 799 340 854 similiter
350 799 480 855 velocitas
494 805 583 854 motus
601 800 737 872 possibilis
754 801 907 856 nonhabet
924 801 953 856 in
971 799 1074 857 virtute
1094 819 1181 856 carues
1197 800 1320 855 metricis

213 885 288 941 aliud
308 903 366 940 esse
385 903 467 958 quam
487 904 545 941 esse
565 903 662 955 causa,
675 891 705 941 et
719 887 791 941 nihil
808 887 892 942 habet
909 889 943 942 de
961 887 1126 943 formalitate
1147 886 1316 955 velocitatis3

214 971 300 1026 virtus
313 973 386 1026 enim
398 973 487 1027 activa
498 990 553 1027 non
561 978 603 1027 est
614 972 750 1028 velocitas.
782 973 874 1040 Quare
886 974 1014 1047 possibile
1022 993 1078 1030 non
1089 974 1172 1029 habet
1183 972 1318 1046 propriam

213 1057 441 1113 formalitatemin
449 1076 480 1112 eo
492 1059 522 1112 in
531 1075 585 1130 quo
592 1059 743 1114 eminenter
751 1063 779 1112 et
785 1059 940 1114 virtualiter
946 1060 1116 1116 continetur:
1130 1065 1158 1114 et
1166 1057 1319 1115 ideoetism

215 1143 380 1215 possssrilitas
391 1163 426 1198 ex
437 1149 512 1217 parte
524 1151 600 1199 aetus
612 1149 653 1199 est
665 1163 709 1198 aas
720 1145 839 1213 rationes,
852 1145 877 1198 ei
888 1146 1020 1219 accipitur
1032 1146 1082 1201 sub
1093 1145 1259 1200 fonnnlitate
1267 1144 1318 1199 illa

215 1228 414 1301 possibilitatis,
441 1229 541 1284 entitas
553 1229 626 1284 eninr
638 1247 721 1302 quam
731 1229 872 1302 possibilia
883 1230 984 1286 habent
995 1231 1025 1285 in
1036 1231 1139 1287 virtute
1157 1247 1244 1285 eausa
1261 1247 1317 1284 non

216 1319 258 1369 est
269 1314 369 1370 entitas
381 1315 558 1388 possibilium,
571 1315 619 1370 sed
630 1332 718 1370 caneae
730 1316 824 1388 ipsius,
836 1320 865 1370 et
875 1334 930 1370 non
949 1321 991 1372 est
1001 1317 1102 1372 entitas
1113 1316 1257 1389 possibilis,
1270 1317 1318 1371 sed

215 1401 330 1455 actualis
343 1401 435 1473 (VIII.
448 1420 475 1456 n.
488 1402 527 1474 8).

249 1487 419 1543 Possibilitas
431 1489 565 1560 completa
577 1488 648 1543 entis
663 1492 705 1543 est
722 1487 931 1543 terminabilitas
948 1493 1026 1546 actus
1042 1489 1078 1544 ad
1096 1489 1250 1559 terminum,
1269 1507 1317 1544 seu

155 1598 161 1612 ¹
214 1575 386 1630 actuabilitas
397 1575 506 1630 termini
517 1592 565 1648 per
575 1580 674 1644 actum,
687 1575 717 1628 in
731 1580 864 1646 quantum
875 1594 910 1630 ex
921 1576 965 1630 his
981 1576 1112 1632 resultare
1124 1581 1215 1649 potest
1226 1576 1317 1630 unitas

213 1661 338 1733 quadam
347 1661 497 1716 entitativa
534 1661 615 1715 Patet
627 1666 718 1715 antam
729 1661 802 1732 quod
814 1661 897 1716 etiam
909 1661 969 1717 hae
979 1661 1145 1735 possibilitas
1156 1667 1198 1717 est
1215 1681 1259 1716 aas
1271 1681 1318 1717 ru-

213 1747 744 1820 tionu,qrriaeoncipit11rperduoentia
755 1747 868 1802 rationis
879 1748 914 1800 ad
930 1748 1050 1804 invicem
1066 1748 1152 1802 relata
1165 1749 1200 1819 (L
1214 1768 1241 1803 n.
1254 1749 1312 1820 28).

252 1834 293 1888 15.
311 1833 385 1888 Hinc
397 1833 678 1907 sequitur,·poseibilia
689 1833 765 1887 nullo
777 1835 859 1889 modo
876 1833 979 1890 efficere
996 1852 1146 1904 numerum,
1159 1834 1213 1889 nisi
1221 1853 1318 1890 secun·

214 1921 281 1976 dum
292 1920 404 1975 rationis
415 1926 590 1993 conceptum
609 1924 638 1976 et
648 1919 710 1974 ideo
722 1937 803 1974 eausa
814 1936 875 1991 quse
887 1925 977 1990 potest
993 1921 1121 1976 realiame
1135 1921 1244 1975 infinita
1254 1939 1318 1994 pos-

214 2007 305 2062 sibilia
327 2025 383 2061 non
394 2005 516 2060 habetin
528 2023 556 2060 se
573 2006 662 2076 autin
679 2023 729 2060 sua
744 2005 848 2060 virtute
865 2005 1002 2060 infinitam
1019 2007 1250 2079 compositionem,
1268 2008 1316 2062 sed

216 2093 365 2166 simplicem
376 2091 521 2146 entitatem
531 2091 637 2145 infinite
649 2096 821 2164 superantem
832 2108 865 2144 aa
877 2091 968 2146 omnia
979 2099 1006 2146 et
1018 2091 1125 2164 singula
1137 2109 1197 2164 quse
1213 2093 1242 2146 in
1255 2097 1318 2147 actu

215 2180 302 2252 primo
315 2179 437 2233 continet
448 2183 476 2232 et
487 2178 633 2250 producere
644 2182 740 2250 potest.
760 2177 798 2232 Et
809 2176 870 2246 hoc,
884 2178 958 2249 quod
969 2178 1044 2232 valet
1055 2178 1089 2232 de
1101 2178 1203 2233 virtute
1216 2179 1318 2246 divina,

215 2265 246 2320 in
257 2281 311 2336 qua
319 2264 407 2318 omnis
418 2264 539 2318 absolute
550 2263 714 2335 possibilitas
722 2280 811 2317 rerum
820 2263 975 2318 continetur
984 2264 1142 2334 eminenter,
1150 2266 1225 2321 valet
1236 2266 1320 2320 etiam

216 2368 279 2406 cum
295 2349 387 2405 debita
397 2348 566 2421 proportione
578 2348 612 2402 de
623 2348 725 2402 virtute
743 2354 840 2418 creata,
853 2349 950 2420 inqua
965 2349 1048 2404 etiam
1067 2350 1216 2405 eminenter
1232 2351 1321 2406 eonti-

216 2441 315 2491 nentur
320 2434 423 2488 infiniti
430 2439 506 2489 actim
514 2432 691 2489 accidentales
696 2433 837 2488 cuiusdam
843 2435 942 2507 speciei
949 2434 982 2490 ab
987 2451 1020 2490 es
1027 2435 1216 2509 producibiles,
1221 2437 1244 2491 si
1249 2437 1322 2491 adsit

214 2524 347 2579 terminus
358 2521 456 2577 talium
467 2526 579 2576 actuum
586 2521 746 2595 receptivas.
774 2522 816 2575 lle
825 2538 914 2593 quare
921 2522 992 2578 infra
1002 2523 1079 2595 (VH.
1090 2542 1116 2578 n.
1128 2525 1170 2589 45,
1180 2526 1216 2578 46
1225 2529 1255 2580 et
1260 2526 1318 2596 54).

127 2603 140 2620 “
250 2611 312 2666 Hoc
332 2613 424 2664 autem
441 2609 515 2681 quod
531 2608 651 2663 diximus
669 2609 703 2663 de
720 2608 896 2664 multitudine
913 2608 1058 2665 effectuum
1069 2611 1238 2683 possibilium
1250 2613 1318 2667 emi-

214 2703 309 2752 neuter
326 2700 514 2752 contentomm
529 2695 559 2750 in
573 2713 654 2750 eausa
669 2695 875 2767 simplicissima,
886 2702 1004 2752 meretur
1018 2698 1196 2752 attentionem
1209 2704 1319 2772 propter

215 2784 429 2856 pantheistarum
440 2799 547 2836 errores
583 2780 673 2847 Quare
686 2781 720 2835 ad
732 2781 889 2835 ulteriorem
896 2783 1103 2854 explicationem
1110 2785 1260 2838 notandum
1267 2792 1319 2854 est,

215 2869 289 2940 quod
300 2868 423 2923 essentiae
435 2867 582 2941 possibiles,
593 2885 641 2922 eeu
652 2867 844 2939 possrlrilitates
856 2885 946 2922 rerum
954 2868 1105 2924 intrinseca
1115 2869 1320 2944 existrmtposi-

216 2955 273 3010 tive
286 2950 396 3026 quidem
406 2953 436 3008 in
445 2953 512 3022 Dee,
526 2953 573 3007 sed
585 2953 738 3008 virtualiter
749 2953 899 3008 eminenter
909 2959 1025 3023 tanturn,
1039 2960 1067 3008 et
1078 2955 1148 3010 nihil
1159 2957 1234 3011 aliud
1247 2961 1319 3028 sunt,

216 3040 270 3094 nisi
279 3039 466 3108 virmalitetes,
476 3039 626 3094 secundum
638 3056 704 3111 quas
717 3039 815 3094 entitas
827 3039 921 3094 divina
928 3045 970 3095 est
978 3040 1126 3111 imitabilis,
1136 3045 1321 3100 communica·

214 3126 286 3196 bilis,
299 3125 357 3180 sive
369 3123 547 3180 terminabilis
563 3125 597 3179 ad
609 3131 692 3180 extra
737 3125 801 3198 Ipsa
818 3143 881 3180 vero
895 3125 1100 3182 inexhauribilis
1111 3129 1318 3185 terminabilitas

215 3218 291 3268 actrrs
304 3211 390 3267 divini
401 3213 436 3267 ad
448 3215 525 3266 extra
538 3211 680 3266 constituit
691 3211 858 3264 infinitarum
871 3228 960 3265 rerum
971 3212 1177 3282 possibilitatem
1187 3216 1319 3271 extrinse-

214 3317 281 3354 cam.
318 3298 379 3352 Iam
390 3297 580 3366 mmualitates,
595 3297 743 3352 secundum
761 3312 827 3368 quas
841 3297 940 3351 entitas
954 3297 1048 3353 divina
1064 3304 1107 3354 est
1123 3300 1264 3356 imitabilis
1284 3303 1319 3357 sd

215 3389 299 3454 extra,
312 3384 439 3438 dieuutm
450 3384 489 3438 eie
501 3383 530 3438 ia
537 3383 642 3453 plurali
652 3400 686 3436 ex
698 3382 854 3454 pluralitate
866 3387 1042 3438 terminorum
1053 3385 1149 3456 quibus
1162 3387 1220 3442 dari
1229 3393 1320 3460 potest

214 3488 280 3540 esse,
293 3471 348 3539 sed,
360 3474 393 3523 ut
404 3469 433 3524 in
449 3469 508 3524 Deo
528 3474 599 3539 sunt,
612 3486 668 3522 non
687 3473 750 3522 sunt
765 3468 817 3522 nisi
830 3487 883 3522 aaa
900 3469 1007 3540 simplam
1018 3471 1088 3524 ratio
1098 3472 1248 3527 multorum
1259 3475 1318 3528 exi·

214 3555 343 3611 atentiam
359 3554 517 3627 possibilem
533 3555 643 3610 iaciens.
681 3553 828 3609 Distinetio
847 3555 920 3610 enim
936 3556 1075 3612 numerica
1086 3574 1176 3611 rernm
1188 3559 1320 3632 accipitur

216 3641 364 3695 secundum
375 3639 494 3693 unitates
506 3639 665 3694 distinctas:
693 3639 768 3694 entia
778 3657 842 3695 vero
858 3640 998 3712 possibilia
1013 3642 1133 3696 nondum
1150 3645 1320 3701 constituunt

215 3726 356 3780 distinctas
367 3725 494 3792 unitates,
509 3725 642 3797 siquidem
655 3731 719 3780 sunt
730 3726 818 3781 adhuc
829 3727 859 3781 in
870 3731 934 3781 actu
945 3727 1032 3800 primo
1045 3733 1073 3783 et
1085 3735 1177 3784 carent
1188 3731 1318 3802 termino;

182 3826 183 3829 ’
216 3812 307 3867 unitas
324 3816 416 3866 autem
433 3829 489 3865 non
506 3811 560 3864 nisi
574 3829 609 3865 ex
627 3810 769 3882 utriusque
786 3812 981 3884 conspiratione
998 3814 1121 3884 resultat,
1133 3820 1167 3869 ut
1183 3833 1265 3889 supra
1275 3818 1320 3872 di·

215 3904 291 3954 ctum
302 3901 350 3952 est.
386 3897 438 3951 Est
449 3915 512 3969 ergo
523 3897 552 3950 in
565 3897 624 3952 Deo
635 3897 800 3969 possibilitas
811 3915 901 3953 rerum
916 3899 1039 3956 omniurn
1057 3901 1092 3955 ad
1109 3902 1221 3956 modum
1238 3905 1319 3962 nnius

215 3990 292 4040 actus
313 3982 395 4055 primi
411 3982 601 4054 multipliciter
620 3981 800 4037 terminabilis
821 3984 856 4038 sd
879 3989 972 4038 extra:
999 3984 1052 4040 hoc
1071 3991 1164 4042 antem
1182 3989 1256 4060 qnod
1276 3995 1319 4044 est

151 4133 153 4137 ¹
216 4088 268 4125 esse
288 4067 405 4124 desueta
423 4068 584 4122 seminante
601 4073 642 4123 est
655 4068 811 4124 connotatio
822 4069 973 4124 extrinseca
990 4088 1038 4143 per
1054 4070 1224 4128 intellectum
1235 4075 1317 4130 indu·

216 4162 261 4211 eta
278 4153 356 4227 (VIL
369 4171 396 4207 n.
409 4153 444 4207 45
457 4158 486 4208 et
497 4153 555 4219 54).

247 4241 341 4308 Quum
352 4240 428 4294 Daue
439 4239 477 4294 sit
488 4239 610 4311 primum
622 4238 744 4294 absolute
753 4257 801 4294 ens
810 4245 839 4295 et
846 4241 934 4313 prima
945 4242 1032 4296 virtus
1044 4244 1190 4313 causativa,
1204 4245 1261 4317 ipse
1278 4254 1320 4304 est

212 4329 273 4384 fons
284 4325 448 4383 universalis
461 4331 489 4382 et
500 4325 582 4381 realis
594 4325 682 4382 omnis
694 4326 817 4382 entitatis
825 4327 967 4398 possibilis.
999 4329 1071 4384 Ordo
1080 4345 1169 4386 rerum
1175 4330 1319 4390 intrinsece
