3186 4982
208 362 279 408 ces.
297 345 336 431 a]
585 367 691 412 ruonx
707 365 945 412 curonoeicus.
1249 345 1317 410 2⁷9.

208 534 266 589 solo
283 535 366 607 Deo),
384 535 432 590 sed
448 535 598 592 fomelites
614 537 741 608 quedem
757 537 900 606 entismo
916 533 1035 606 intelligi
1054 537 1146 608 potest
1165 534 1314 590 secundnm

207 621 280 692 quod
291 621 358 693 quid
370 626 418 691 est,
430 626 463 676 ut
473 622 601 679 diximus
637 623 726 696 Atqui
743 641 823 678 omns
840 640 888 679 ens
906 623 970 682 ectu
981 622 1100 678 existens
1112 621 1194 678 debet
1205 637 1263 678 esse
1280 619 1311 675 in

208 706 299 778 alique
310 707 399 779 specie
411 707 489 763 entis.
525 707 599 780 Ergo
617 707 697 764 debet
713 725 771 764 esse
788 708 894 781 aliquid
912 707 1060 765 necessario
1077 721 1231 764 connexum
1247 721 1313 762 cum

208 791 266 847 eins
277 797 349 863 ectu,
361 810 410 866 per
420 794 494 865 quod
510 797 608 848 ustura
625 794 707 850 huim
725 793 919 850 manifestetm.
962 794 1036 866 Ergo
1056 793 1119 848 tntis
1134 797 1210 849 sotiis
1230 790 1313 848 debet

205 877 302 934 habere
314 879 488 936 intrinsecam
498 880 688 936 hebimdinem
705 881 740 936 ad
757 880 868 953 aliquid.
904 880 980 936 Illud
991 884 1083 936 sutem
1098 879 1134 934 sd
1145 878 1218 951 quod
1229 877 1326 934 datur·

206 963 346 1035 habitudo,
358 965 459 1022 dicitur
470 967 609 1022 terminus.
647 966 694 1021 Sic
702 967 732 1020 in
742 984 772 1022 re
783 966 918 1022 materiali
929 971 1005 1022 sctis
1017 982 1073 1021 non
1088 965 1239 1039 concipitur
1254 981 1312 1020 esee

208 1050 238 1105 in
255 1051 434 1107 determinata
450 1053 547 1124 specis,
565 1042 619 1107 nisi
634 1057 715 1125 prout
731 1052 799 1108 dicit
813 1052 988 1108 intrinsecam
1003 1052 1192 1108 habitudinem
1209 1052 1245 1107 ed
1262 1069 1311 1124 po·

206 1137 322 1192 tentiam
330 1138 489 1194 directivam
498 1138 697 1210 streceptivam
703 1143 794 1192 motus
802 1138 904 1207 locetis,
913 1155 974 1210 quoe
986 1139 1161 1194 estmeteria:
1174 1143 1204 1193 et
1211 1136 1312 1192 insub-

208 1225 309 1279 stantia
320 1225 455 1298 spirituali
467 1229 544 1280 actus
555 1242 611 1280 non
622 1224 773 1297 concipitur
784 1224 970 1280 determinate
977 1224 1084 1297 speciei,
1091 1223 1145 1279 nisi
1153 1228 1233 1297 prout
1244 1222 1313 1279 dicit

207 1309 381 1366 intrinsecam
391 1310 581 1366 habitudinem
593 1311 627 1366 ed
639 1310 829 1382 cognitionem.
865 1310 908 1370 Eo
925 1310 985 1383 ipso
1002 1316 1094 1366 sutem
1111 1311 1184 1382 quod
1195 1308 1312 1382 quilibet

209 1400 285 1450 setius
296 1396 384 1469 exigit
395 1395 501 1469 concipi
513 1414 576 1453 cum
587 1396 733 1452 intrinseca
749 1401 779 1452 et
789 1396 937 1452 necessaria
947 1396 1108 1452 habitudine
1119 1396 1153 1451 ed
1165 1412 1245 1450 suum
1255 1401 1311 1456 ter·

205 1483 318 1554 minum,
335 1483 458 1555 sequitur
469 1485 551 1556 quod,
564 1484 588 1538 si
599 1489 674 1539 octies
686 1489 736 1555 est,
748 1483 786 1538 sit
797 1501 846 1538 suo
858 1483 975 1540 termino
991 1484 1162 1554 terminatus,
1174 1488 1203 1538 et
1214 1498 1309 1538 conse·

207 1573 320 1641 quanter
336 1568 410 1642 qnod
427 1587 463 1624 ex
479 1574 576 1625 mutue
592 1569 790 1642 conspiratione
807 1568 950 1641 utriusqus
967 1573 1097 1640 exsurgat
1113 1585 1163 1623 seu
1181 1568 1309 1640 procedet

206 1656 297 1710 unitas
309 1656 422 1711 mustis
434 1660 467 1710 ut
478 1655 709 1728 complementum
721 1656 791 1711 entis
803 1655 982 1710 necessarium
994 1659 1022 1710 et
1033 1655 1217 1710 intrinsecum.

242 1743 267 1796 9.
286 1742 330 1796 Ex
342 1742 386 1796 his
403 1741 491 1796 tribus
506 1741 690 1797 constitutivis
702 1742 772 1797 entis
783 1741 871 1811 realis,
884 1741 1020 1814 completi,
1032 1740 1143 1813 physice
1159 1739 1311 1810 existentis,

207 1831 283 1882 settis
300 1832 329 1882 et
345 1828 478 1882 terminus
493 1832 558 1883 sunt
574 1827 680 1900 proprie
702 1827 864 1898 palumbem
889 1832 919 1883 et
938 1828 1136 1898 pn‘neipsntma,
1154 1827 1219 1899 quia
1236 1831 1312 1882 ectus

206 1913 255 1968 det
265 1930 324 1968 esse
332 1914 465 1968 termino:
483 1913 713 1986 complementum
724 1931 789 1969 vero
801 1932 856 1968 non
868 1913 973 1986 proprie
985 1914 1084 1986 accipit
1095 1932 1161 1984 esse,
1170 1914 1218 1969 sed
1229 1915 1312 1968 recal-

206 2005 246 2055 tat
257 2017 291 2054 ex
303 2018 336 2054 eo
348 2001 421 2071 quod
438 2004 514 2055 actus
526 2000 573 2055 det
584 2017 641 2054 esse
658 1999 783 2071 termino,
796 2005 871 2055 etex
886 2001 1003 2072 eoquod
1018 2000 1150 2056 terminus
1166 2018 1223 2056 non
1234 1999 1311 2054 eliud

207 2104 265 2142 esee
277 2086 394 2158 accipiet
404 2103 487 2158 quem
498 2103 556 2141 esse
569 2087 612 2141 sui
623 2090 707 2142 actm.
744 2087 874 2142 Resultat
885 2091 977 2142 sutem
988 2104 1035 2159 per
1046 2087 1158 2143 modum
1174 2086 1312 2142 reletionis

207 2172 448 2227 tmnscendentulis
459 2173 531 2227 inter
542 2177 635 2228 netum
646 2177 676 2227 et
686 2172 843 2242 terminum,
855 2173 932 2228 cuim
949 2173 1088 2230 relationis
1099 2173 1312 2229 fundamentum

207 2258 833 2330 sstrenle'ecoes'qente'a‚quaacteoesiyitcraein
850 2259 1007 2330 tombeqct
1023 2279 1076 2332 qua
1093 2261 1312 2332 mamm'git

206 2363 259 2398 ecee
270 2361 322 2414 per
333 2361 410 2398 saum
427 2349 520 2399 actum
556 2344 651 2399 Posito
668 2344 754 2416 igitur
769 2345 844 2417 quod
862 2346 963 2400 existet
979 2350 1057 2402 sotiis
1074 2347 1244 2416 terminatus,
1255 2363 1312 2402 non

205 2435 295 2502 potest
306 2447 361 2484 non
373 2429 466 2485 heberi
477 2429 592 2485 sctuelis
602 2429 652 2485 illa
662 2430 759 2486 relatio
772 2431 834 2502 (Vi.
847 2449 874 2486 n.
890 2432 948 2504 49).

242 2517 283 2570 10.
303 2515 334 2570 Si
346 2520 422 2571 ectus
433 2517 567 2587 cogitetur
578 2521 699 2589 separate
711 2533 728 2571 a
745 2517 862 2572 termino
875 2517 911 2572 ad
928 2535 1009 2590 quem
1027 2518 1095 2574 dicit
1111 2519 1309 2587 hebitudinem,

123 2599 134 2618 ⁰
206 2602 313 2658 dicctm
324 2608 396 2656 adue
401 2603 514 2673 puisse,
526 2602 572 2657 vel
583 2621 628 2656 erse
644 2602 674 2656 ia
691 2609 751 2658 actes
762 2604 860 2674 primo.
898 2603 929 2659 si
940 2604 1072 2660 terminus
1084 2605 1220 2677 cogitetur
1231 2621 1308 2676 seps·

204 2695 262 2744 rste
273 2688 307 2744 ab
318 2693 381 2744 ectu
392 2705 410 2743 a
421 2705 475 2760 quo
484 2688 583 2760 occipit
594 2705 659 2756 esee,
669 2688 834 2761 cogitebitur
843 2691 949 2745 utnstd
959 2691 1040 2760 ostb3
1058 2691 1221 2764 sedpropter
1228 2691 1308 2746 habi-

205 2775 330 2830 tudinem
342 2775 377 2829 sd
387 2780 486 2842 ectum,
495 2773 540 2829 cui
549 2780 726 2846 comparetur,
737 2779 767 2830 et
774 2787 828 2846 quo
835 2780 916 2844 oeret,
926 2776 1039 2849 accipiet
1050 2793 1067 2831 a
1078 2782 1169 2832 mente
1176 2776 1309 2832 rationem

206 2879 259 2915 nea
270 2860 478 2930 mesprieots'ci,
491 2876 540 2914 seu
555 2877 633 2930 parc
640 2861 804 2930 motione,
816 2877 878 2932 qua
896 2861 996 2917 dicitm
1007 2860 1091 2917 etiam
1102 2880 1175 2933 pura
1189 2862 1308 2933 petescis

208 2947 308 3002 mendi
320 2945 356 3016 (l
369 2962 397 3000 n.
410 2945 521 3016 21-28).
1346 2955 1348 2960 '

241 3031 486 3104 Gomplementnm‚
497 3035 592 3103 utpote
608 3031 742 3088 resultem
758 3049 793 3088 ex
810 3032 944 3105 positione
961 3037 1038 3090 ectus
1048 3033 1078 3088 in
1086 3035 1200 3090 termino
1211 3034 1308 3106 nequit

206 3119 264 3174 sine
285 3117 451 3172 sbsurditat'e
474 3116 588 3188 cogites-i
607 3117 725 3189 utquid
745 3124 898 3191 seperstum
917 3119 952 3176 ab
969 3124 1032 3176 ectu
1050 3125 1079 3176 et
1094 3122 1220 3191 termino,
1236 3122 1307 3179 sicut

204 3205 300 3276 nequit
310 3202 406 3258 reletio
417 3202 523 3275 concipi
535 3202 593 3257 sine
605 3203 726 3259 subiecto
738 3208 767 3259 et
778 3205 900 3260 termino.
946 3205 985 3260 Et
996 3206 1113 3262 defecto
1124 3208 1176 3263 hoc
1187 3209 1306 3282 comple·

204 3295 328 3348 mentum
339 3294 382 3346 est
393 3289 453 3362 ipss
462 3289 590 3362 sormals's
600 3289 688 3344 mesae
699 3289 851 3360 existentis,
862 3290 908 3345 vel
918 3291 978 3364 ipsa
988 3292 1107 3348 existens
1124 3295 1194 3350 entis
1205 3296 1306 3366 unitus,

203 3379 249 3434 rel
261 3377 377 3449 denique
388 3376 447 3448 ipse
458 3375 529 3431 entis
541 3375 694 3445 existentis,
706 3393 754 3431 seu
771 3375 913 3431 sctrrnlites
929 3377 959 3432 in
976 3377 1137 3434 indivisibili
1153 3381 1258 3453 posita:
1277 3387 1306 3438 st

204 3464 265 3520 ideo
276 3462 372 3534 nequit
383 3461 496 3534 concipi,
509 3459 563 3516 nisi
575 3465 651 3516 actm
662 3461 693 3515 in
704 3479 754 3516 suo
765 3461 882 3517 termino
893 3479 950 3518 esse
962 3470 1134 3536 supponetm.

240 3550 315 3604 Hinc
326 3553 410 3618 ectus,
422 3548 555 3604 terminus
566 3553 596 3602 et
606 3547 834 3620 complementum
849 3548 935 3604 tribus
952 3549 995 3603 bis
1013 3551 1074 3605 eliis
1084 3552 1238 3608 nominibus
1255 3555 1306 3610 sub

208 3653 258 3692 sua
267 3635 432 3691 formalitete
444 3635 552 3708 proprie
562 3634 678 3708 exprimi
690 3639 819 3707 posesmts
837 3641 953 3704 celoces,
965 3642 1106 3706 mum,
1119 3639 1260 3694 mattos.

582 3845 749 3887 inmensus
768 3845 927 3888 SECUNDUS.

635 3951 745 4006 Derecto
757 3953 881 4023 pceeebs'ls‘.

142 4127 145 4132 .
242 4073 283 4129 11.
303 4073 391 4128 Actus
399 4069 502 4144 primus
514 4071 620 4126 essendi
629 4065 730 4126 dicitur
740 4072 970 4143 ediepoodbet'tos
980 4073 1151 4146 inquantum
1162 4078 1244 4133 estid
1256 4095 1307 4149 qao

205 4175 253 4216 ens
264 4163 355 4232 potest
366 4173 432 4228 esse,
444 4160 473 4211 et
488 4157 620 4212 terminus
638 4157 737 4213 dicitur
752 4157 860 4213 marath
874 4159 1004 4229 poetae
1020 4159 1049 4214 in
1066 4165 1200 4232 quantum
1217 4167 1260 4218 est
1276 4164 1305 4218 id

204 4247 329 4318 quodper
340 4248 431 4299 ectum
442 4246 532 4314 potest
543 4259 608 4297 esse.
645 4241 720 4298 Hinc
737 4247 848 4316 apparet
865 4245 939 4315 quod
953 4244 1040 4298 dicere
1059 4263 1110 4300 ecee
1125 4247 1246 4317 possete
1263 4253 1305 4304 est

205 4332 293 4388 dicere
311 4330 382 4386 entis
399 4328 480 4384 realis
496 4327 691 4399 poemenem
709 4346 743 4383 ex
764 4334 840 4401 parte
857 4334 941 4398 ectus,
955 4335 984 4384 et
1001 4329 1089 4386 dicere
1103 4347 1178 4401 posse
1192 4351 1244 4388 esre
1257 4351 1305 4388 seu
