3186 4982
275 372 339 436 262
597 393 757 438 aurnuns
773 395 812 438 nr
828 393 1051 439 susspirans.
1233 371 1322 456 [von.
1340 390 1381 433 11.

275 559 359 614 etiam
370 559 399 613 in
411 558 512 614 iudicio
524 560 642 615 deducto
657 559 795 634 perceptio
812 560 1009 616 convenientiae
1029 565 1070 615 est
1090 557 1290 614 convenientiae
1309 556 1382 610 affir-

276 647 369 700 metio.

309 732 407 788 Tertia
444 732 581 790 Iudicium
592 739 683 808 potest
692 753 750 791 esse
761 736 917 808 imprudens
930 741 958 790 et
975 734 1164 790 temerarium:
1184 733 1231 787 sed
1242 731 1382 804 perceptio

276 819 472 876 convenientias
485 827 534 876 aut
545 821 732 894 discrepantia
744 823 840 894 nequit
851 841 909 877 esse
922 821 1079 895 imprudens
1092 825 1120 876 et
1131 819 1289 888 temeraria;
1309 835 1381 889 ergo.

312 906 474 979 Respondes
494 909 553 964 diat.
571 910 612 963 M.
626 909 759 964 iudicium
778 909 969 964 immediatum
989 928 1014 963 a.
1028 908 1080 978 Μ,
1094 908 1242 962 deductum
1262 923 1282 958 c.
1296 905 1337 958 Μ.
1357 909 1383 958 et

277 995 391 1047 contrad.
405 995 468 1048 min.
479 1014 504 1050 n.
518 1014 584 1051 emsa.
620 997 694 1050 Dum
706 996 766 1067 quis
779 1001 879 1052 temere
891 995 994 1050 iudicat
1004 1015 1030 1050 v.
1041 1013 1079 1067 gr.
1093 995 1166 1048 huno
1178 992 1383 1046 hominemesse

277 1079 390 1150 ebrium,
404 1081 596 1153 aequivalenter
605 1082 644 1138 sic
653 1083 791 1154 procedit:
811 1083 987 1153 Proesuppoao
999 1080 1124 1154 quadrati
1135 1086 1171 1134 eat
1183 1080 1287 1150 aarum
1298 1076 1382 1131 etrie-

277 1167 348 1234 tata‘a‚
362 1168 443 1222 riri'eet
454 1169 578 1224 ebriam:
597 1169 672 1240 arqui
681 1169 711 1224 in
721 1171 769 1224 tac
779 1169 882 1223 homine
892 1175 952 1223 aaut
963 1169 1037 1238 agua
1049 1167 1197 1225 ebrietatis:
1224 1182 1286 1234 ergo
1297 1164 1325 1217 a'n
1334 1164 1383 1216 laos

277 1253 380 1308 terrine
398 1261 436 1308 est
456 1254 570 1310 abactae.
607 1255 757 1310 Temeritas
773 1260 815 1310 est
834 1255 865 1308 in
881 1255 981 1309 maiore
997 1271 1058 1326 quae
1078 1252 1224 1308 assumitur
1240 1253 1382 1321 tamquam

277 1356 383 1411 semper
393 1357 465 1410 aera,
478 1359 533 1395 non
545 1340 708 1396 attendendo
720 1342 793 1412 quod
804 1341 898 1396 eadem
907 1358 948 1396 res
957 1346 1111 1413 potestesse
1124 1339 1232 1411 signum
1244 1337 1382 1393 ebrietatis

276 1430 305 1480 et
316 1426 426 1482 alterius
437 1427 612 1482 infirmitatis.
648 1427 796 1482 Temeritas
808 1445 872 1483 vero
883 1426 1013 1482 tribuitur
1024 1426 1125 1481 iudicio
1134 1424 1308 1496 consequenti
1319 1423 1382 1478 ideo

276 1512 364 1567 solum
376 1513 441 1585 quia
451 1531 499 1586 per
510 1514 563 1570 hoc
583 1513 715 1568 iudicium
733 1514 923 1569 manifestatur
938 1513 1077 1568 temeritas
1091 1510 1283 1585 suppositionis
1302 1509 1382 1564 fectae

277 1597 450 1654 aiudicante.
488 1599 621 1656 Similiter
632 1600 680 1673 qui
692 1606 792 1658 tenere
804 1600 907 1655 iudicat
918 1600 1049 1655 laminam
1061 1617 1171 1654 auream
1184 1615 1241 1654 esse
1253 1596 1380 1652 matema-

278 1685 341 1740 liter
353 1692 415 1740 actu
427 1688 584 1742 continuem
596 1688 634 1743 sic
646 1687 840 1760 aequivalenter
856 1688 992 1760 procedit:
1021 1688 1196 1758 Proeauppoac
1214 1686 1284 1756 qaod
1293 1701 1383 1739 auum

278 1777 315 1826 eat
327 1771 393 1825 aad
402 1775 471 1843 quad
480 1774 570 1828 rideo:
590 1775 664 1845 utqui
674 1775 747 1828 video
763 1793 859 1829 ararum
874 1782 933 1829 aaa
945 1774 1115 1829 materialiter
1127 1774 1293 1832 comiadum:
1314 1789 1381 1842 erqo.

280 1857 428 1912 Temeritas
440 1864 482 1913 eat
492 1859 522 1913 in
534 1860 583 1914 illo
599 1861 682 1915 verbo
700 1862 788 1931 aide03
814 1861 838 1916 si
851 1862 924 1915 enim
936 1861 1051 1933 accipiat
1062 1859 1276 1932 microscopium‚
1289 1856 1383 1913 statim

279 1950 423 2016 cognoscet
435 1963 463 2000 se
475 1964 529 2000 non
542 1946 641 2002 vidisse
651 1947 723 2018 quod
734 1954 820 2019 putat.
857 1947 931 2002 Hine
940 1948 1009 2002 illud
1016 1949 1089 2002 rideo
1098 1946 1172 2018 quod
1181 1945 1210 2000 in
1217 1945 1318 2000 maiore
1327 1949 1383 1998 atat

278 2049 326 2104 pro
338 2032 403 2086 reali
416 2038 443 2087 et
454 2032 572 2105 positiva
587 2033 699 2102 visione,
712 2035 742 2087 in
759 2033 863 2088 minore
881 2040 936 2089 stat
951 2051 1000 2107 pro
1020 2033 1125 2088 visione
1140 2036 1313 2103 praesumpta,
1326 2048 1382 2084 non
1424 2071 1428 2078 .

279 2118 444 2172 attendendo
462 2119 535 2190 quod
553 2126 665 2192 possunt
683 2120 741 2175 dari
758 2119 968 2192 interruptiones
987 2120 1054 2174 adeo
1071 2136 1162 2192 parvae
1181 2124 1213 2172 ut
1231 2117 1316 2172 oculis
1327 2135 1383 2171 non

279 2204 465 2277 percipiantur.
502 2205 566 2260 Non
588 2211 629 2260 est
650 2223 712 2278 ergo
733 2206 875 2260 temerarie
895 2205 1085 2277 consequentia
1103 2205 1132 2259 in
1153 2223 1190 2274 se,
1206 2205 1255 2259 sed
1274 2207 1384 2276 propter

279 2291 464 2363 operationem
475 2292 688 2364 precedentem:
716 2297 744 2346 et
755 2293 817 2347 ideo
828 2293 858 2346 in
872 2292 982 2347 iudiciis
994 2291 1161 2364 simplicibus
1173 2297 1202 2348 ct
1218 2290 1384 2345 immediatis

280 2394 335 2432 non
356 2378 436 2434 datrrr
455 2379 601 2434 temeritas.
647 2379 758 2434 Manita
772 2383 870 2448 autem,
884 2397 945 2451 quae
967 2380 1066 2434 dantm
1087 2380 1122 2434 ad
1142 2379 1262 2434 cavenda
1281 2377 1384 2432 iudicia

279 2465 428 2535 temeraria,
448 2466 546 2520 fierent
563 2466 658 2538 utique
679 2466 802 2535 ridicula,
815 2471 847 2520 ut
867 2467 975 2520 Auctor
993 2466 1121 2534 ostendit,
1143 2465 1166 2520 si
1186 2465 1385 2538 applicarentur

279 2551 388 2606 iudiciis
399 2551 581 2606 immediatis:
599 2570 653 2607 non
666 2559 757 2607 autem
769 2552 792 2606 si
804 2552 938 2622 mediatis,
951 2558 982 2607 ut
991 2571 1025 2607 ex
1038 2551 1119 2606 dictis
1130 2558 1212 2625 patet.

314 2638 424 2705 Quota.
468 2639 498 2694 si
516 2639 648 2694 iudicium
666 2645 708 2694 est
724 2639 860 2712 perceptio
879 2639 1086 2706 convenientias,
1105 2639 1161 2692 iam
1178 2639 1286 2693 nullum
1303 2637 1384 2692 datur

279 2726 412 2781 iudicium
423 2726 600 2799 imperatum:
619 2725 696 2797 atqui
708 2725 788 2780 datur
796 2746 804 2794 3
823 2743 894 2798 ergo.

315 2812 483 2885 Respondes,
508 2813 615 2866 nullum
637 2812 770 2867 iudicium
793 2812 985 2866 immediatum
1008 2829 1066 2866 esse
1089 2812 1268 2884 imperatum3
1299 2815 1327 2866 et
1345 2810 1385 2864 sic

280 2905 469 2970 argumentum
486 2915 542 2953 nou
559 2897 656 2970 probat
672 2898 726 2953 nisi
743 2899 776 2954 de
794 2899 904 2953 iudiciis
917 2899 1049 2968 deductis,
1062 2916 1124 2970 quae
1136 2905 1249 2971 possunt
1261 2917 1318 2954 esse
1329 2899 1382 2952 im·

280 2989 373 3056 perata
390 2990 523 3055 quantum
543 2985 578 3039 ad
596 2985 805 3058 applicationem
825 2985 981 3040 intellectus
1003 2986 1038 3039 ad
1055 2985 1207 3058 praemissas
1228 3004 1262 3040 ex
1286 2985 1384 3058 quibus

281 3069 457 3124 deducuntur.
502 3069 608 3124 Indicia
623 3070 696 3124 enim
713 3071 845 3142 imperata
860 3089 915 3125 non
932 3077 995 3126 sunt
1010 3071 1154 3126 intrinsece
1172 3072 1317 3140 evidentia,
1336 3071 1385 3126 sed

281 3155 430 3208 extrinseca
448 3155 483 3208 ed
501 3171 652 3224 summum;
680 3162 712 3210 ut
724 3173 807 3228 quum
821 3156 897 3211 dico:
933 3158 1009 3218 Quod
1027 3164 1097 3212 certa
1117 3159 1270 3212 auctoritate
1290 3157 1384 3210 nititur
1419 3217 1429 3236 ·

280 3259 370 3295 aarum
382 3245 436 3294 eat:
454 3241 500 3293 aad
510 3247 580 3294 certa
592 3242 745 3297 amantea
762 3243 855 3296 aititur
875 3243 976 3297 causti
985 3243 1125 3302 dictatae:
1143 3263 1203 3314 erqo
1219 3244 1336 3298 Cinnas
1348 3249 1385 3296 eat

281 3328 368 3396 Deum
388 3325 532 3398 imperium
538 3343 593 3380 non
601 3327 722 3381 ferturin
730 3328 958 3400 consequentiam,
969 3329 1017 3383 sed
1026 3328 1054 3383 in
1063 3329 1223 3402 praemissas,
1234 3329 1384 3401 etquidem

281 3429 335 3468 non
347 3415 382 3468 ad
393 3413 445 3467 hoc
457 3417 490 3467 ut
501 3413 620 3468 iudicem
631 3413 781 3486 praemissas
792 3433 851 3470 asse
862 3433 945 3484 veras,
957 3416 1048 3470 sadud
1059 3417 1110 3470 hoc
1119 3421 1152 3470 ut
1160 3417 1326 3489 apprehensa
1337 3434 1383 3470 ea·

280 3519 341 3556 rum
363 3500 478 3556 veritate
499 3506 531 3555 ut
549 3499 714 3555 sufficienter
733 3501 879 3573 proposita,
899 3501 983 3555 velim
1002 3521 1106 3556 manere
1126 3501 1156 3555 in
1173 3503 1223 3556 tali
1240 3503 1384 3556 statusine

281 3587 402 3643 ulteriori
423 3588 556 3657 examine,
569 3607 602 3642 eo
619 3589 692 3660 quod
709 3589 812 3642 motiva
829 3589 953 3644 veritatis
968 3589 997 3643 in
1013 3589 1052 3643 eis
1066 3588 1231 3660 deprehensa
1251 3589 1385 3645 aestimem

282 3676 443 3731 sufficientia
466 3675 500 3730 ad
524 3675 717 3746 quiescendum
740 3675 770 3729 in
793 3675 856 3730 illis.
895 3677 985 3742 Quare
1008 3677 1082 3747 quod
1102 3676 1249 3748 imperatur
1268 3694 1323 3730 non
1342 3685 1383 3731 est

281 3763 392 3836 praecise
412 3762 470 3836 ipse
487 3768 563 3818 actrrs
583 3763 702 3817 faciendi
722 3762 862 3832 iudicium,
875 3763 922 3817 sed
935 3763 1093 3835 ,permansio
1114 3768 1143 3817 et
1153 3763 1230 3834 quies
1240 3763 1270 3817 in
1282 3763 1384 3818 iudicio

280 3851 366 3906 iacto:
387 3856 415 3906 et
426 3851 486 3906 haec
499 3868 605 3922 quoque
617 3850 747 3905 indirecte
759 3850 914 3923 imperatur,
924 3849 1097 3923 impediendo
1106 3867 1202 3922 nempe
1215 3850 1384 3906 intellectum

281 3938 314 3993 ab
326 3938 452 3992 adteriors
463 3936 644 4009 indagatione.
690 3937 728 3991 Et
739 3937 800 3991 ideo
812 3955 846 3992 ex
859 3936 1009 3991 obiectione
1021 3937 1094 3991 facta
1111 3954 1166 3991 non
1182 3936 1305 4009 sequitur
1321 3955 1382 4010 per-

281 4025 433 4097 ceptionem
445 4023 641 4078 convenientiae
654 4041 670 4078 a
681 4023 783 4078 iudicio
795 4023 934 4096 distingui.

317 4110 427 4175 Quinta
480 4109 511 4163 Si
531 4109 664 4163 iudicium
685 4114 727 4163 est
745 4109 882 4180 perceptio
902 4108 1107 4178 convenientiae,
1126 4109 1233 4162 nullum
1250 4108 1383 4164 iudicium

274 4181 375 4270 ‘potest
387 4213 444 4250 esse
457 4195 570 4265 falsum3
589 4195 665 4267 atqui
677 4200 766 4267 potest
777 4215 784 4264 3
802 4213 873 4267 ergo.

316 4282 477 4355 Respondes
488 4300 513 4336 a.
524 4281 584 4349 M.;
597 4299 661 4336 nam
673 4281 724 4335 etsi
736 4281 895 4336 immediata
909 4282 1046 4355 perceptio
1064 4281 1165 4336 obiecti
1185 4289 1301 4353 nequeat
1321 4301 1379 4338 esse

277 4368 352 4436 false,
365 4371 456 4439 potest
467 4372 557 4421 tamen
571 4367 814 4439 esseinadaequata,
827 4367 893 4440 quin
906 4368 1076 4424 advertemus
1088 4369 1118 4423 in
1130 4386 1183 4441 quo
1195 4368 1257 4423 idea
1270 4369 1382 4424 deficiat
