3240 4986
243 357 315 403 css.
332 340 371 425 r.]
693 363 735 408 ns
753 361 884 407 ununo.
1304 341 1347 403 89
1405 369 1408 374 ·

243 533 401 592 ostensum
419 533 485 592 est:
508 525 561 592 sed
576 550 624 592 res
646 551 704 591 non
723 529 825 592 caistit
841 525 964 611 physice
978 526 1011 588 in
1027 545 1060 588 co
1074 531 1156 588 statu
1171 523 1344 608 precisio03

241 644 274 702 et
297 637 340 702 sic
363 646 450 704 actus
474 639 593 725 primus
614 639 776 704 intuitivus
799 637 918 703 nullam
943 635 1037 700 habet
1062 634 1247 700 activitatem
1275 635 1347 700 effe·

242 749 363 830 ctivam,
379 750 453 835 quia
467 751 627 815 efficientia
641 759 688 815 est
703 750 798 815 solius
812 747 933 834 agentis
948 745 1073 834 physice
1086 745 1255 810 existentis.

286 859 379 938 Quod
393 870 497 926 autem
519 862 613 926 infert
628 862 753 927 Fichte:
776 863 858 925 Dum
872 862 926 924 loc
940 860 1009 942 Epo
1031 860 1143 943 copitct
1157 859 1217 922 clia
1231 867 1261 922 ct
1275 859 1346 937 clia,

241 981 337 1037 mutat
359 973 466 1038 limites
479 976 536 1053 sui,
551 982 581 1038 ct
603 975 656 1038 tos
675 974 783 1038 limites
802 994 915 1056 seraper
935 978 1075 1055 superat.-
1097 992 1133 1034 oc
1151 992 1209 1053 per
1223 971 1277 1034 hoc
1298 993 1346 1034 co·

237 1086 353 1169 quescit
374 1106 406 1148 sc
427 1107 489 1150 csse
510 1086 669 1170 infinitum,
690 1093 737 1149 est
754 1082 917 1168 dupliciter
938 1080 1195 1167 paralogisticum.
1241 1079 1345 1145 Primo

241 1196 334 1275 enim,
350 1195 404 1281 qui
419 1195 533 1280 cogitat
548 1195 607 1261 alia
621 1204 653 1260 ct
666 1195 737 1275 alia,
752 1217 815 1259 non
835 1202 936 1259 mutat
951 1193 1063 1258 limites
1078 1215 1140 1257 suae
1155 1191 1344 1272 substantiae,

242 1306 297 1372 sed
318 1307 435 1372 limites
460 1329 522 1372 suae
544 1306 729 1392 cognitionis
749 1305 944 1372 accidentalis
965 1314 1108 1371 tantum:
1131 1305 1275 1384 secundo,
1290 1307 1346 1390 qui

240 1439 360 1503 semper
381 1423 505 1504 'superat
527 1418 582 1482 hos
604 1419 727 1498 limites,
742 1417 800 1483 hoc
823 1418 890 1503 ipso
916 1418 1072 1502 cognoscit
1095 1439 1127 1481 sc
1149 1416 1261 1482 habere
1281 1417 1343 1481 vim

239 1530 478 1614 cognoscitivam
497 1530 644 1615 infinitam
659 1531 842 1595 terminatius
857 1539 886 1595 ct
905 1531 937 1593 ic
946 1531 1091 1614 potentia,
1105 1550 1170 1593 non
1187 1537 1290 1594 sutem
1311 1551 1343 1593 se

222 1665 305 1727 ,esse
318 1642 473 1707 infinitam
495 1641 712 1708 substantiam.
756 1640 849 1719 Quod
870 1639 911 1705 sit
930 1639 1103 1705 substantia
1116 1638 1203 1703 linita
1222 1647 1343 1705 constat

239 1775 275 1818 ex
295 1776 331 1818 eo
352 1753 436 1840 quod
458 1752 533 1818 sciat
556 1776 588 1818 se
610 1775 675 1818 csse
693 1751 750 1818 sub
770 1752 869 1817 limite
889 1752 1113 1817 constitutumr
1136 1750 1219 1837 quod
1238 1759 1341 1816 autem

239 1887 399 1952 nunquam
420 1865 549 1929 limitem
565 1863 770 1950 cognoscendi
784 1863 929 1944 inveniat,
944 1863 1003 1928 hoc
1021 1861 1112 1927 unice
1126 1862 1261 1928 ostendit
1276 1886 1341 1928 esse

237 1977 360 2041 infinita
367 1975 593 2062 cognoscibilis,
601 1976 650 2041 vel
660 1976 812 2040 infinitam
822 1974 1124 2061 cognoscibilitatcm,
1133 1983 1217 2040 extra
1227 1977 1340 2061 ipsum,

239 2086 361 2174 adquae
376 2086 423 2152 vel
438 2087 584 2171 adquam
599 2085 757 2150 terminari
771 2086 879 2170 possit.
925 2084 987 2150 Sed
1006 2085 1079 2171 quia
1091 2085 1212 2149 infinita
1226 2106 1340 2170 cogno·

237 2197 384 2262 scibilitas
405 2197 552 2282 supponit
573 2196 725 2260 infinitam
747 2195 926 2275 realitatem,
941 2217 1063 2260 necesse
1085 2204 1131 2260 est
1149 2196 1339 2276 concludere,

237 2316 376 2373 constare
387 2306 476 2372 nobis
492 2330 528 2372 ex
543 2316 647 2371 nostra
657 2307 689 2372 vi
703 2306 908 2391 cognoscitiva
917 2306 1039 2370 infinita
1052 2305 1086 2370 in
1097 2306 1243 2391 potentia,
1256 2309 1339 2393 quod

237 2419 346 2484 existat
365 2427 450 2483 extre
475 2440 531 2482 nos
550 2418 671 2483 infinita
692 2417 822 2497 realitas,
839 2439 907 2507 quae
928 2425 975 2482 est
996 2417 1093 2483 Deus.
1137 2418 1179 2483 Et
1198 2440 1252 2503 per
1274 2419 1339 2484 hacc

236 2537 329 2615 patet,
346 2527 458 2615 quibus
476 2515 768 2614 ae'quivocationibns
783 2527 891 2594 llichte
905 2527 1073 2609 veritatem,
1089 2528 1223 2613 seipsum
1237 2538 1268 2594 et
1291 2529 1337 2595 di-

236 2641 368 2727 scipulos
383 2663 454 2706 suos
469 2641 646 2728 perdiderit.

269 2755 330 2818 20.
355 2752 454 2817 Simili
476 2752 655 2819 confusione
677 2773 779 2818 rerum
801 2751 914 2818 abusus
936 2760 982 2817 cst
1006 2751 1163 2838 Schelling
1184 2752 1223 2818 ad
1246 2777 1336 2819 suum

233 2863 423 2936 Absolutum
442 2863 690 2929 constituendum
719 2871 752 2927 et
772 2863 995 2948 explicandum.
1041 2862 1147 2940 Quum
1169 2864 1251 2930 enim
1274 2866 1336 2931 for-

234 2974 344 3038 mnlem
370 2974 563 3040 existentiam
588 2997 691 3040 rerum
717 2975 751 3038 in
774 2975 881 3059 seipsis
906 2975 945 3040 ab
974 2973 1122 3041 eminenti
1146 2985 1178 3042 ct
1202 2978 1335 3059 virtuali,

233 3107 326 3170 quam
350 3085 384 3148 in
407 3085 475 3149 Deo
499 3084 624 3165 habent,
649 3107 714 3150 non
739 3084 938 3166 distinxisset,
965 3086 1102 3151 ordinem
1125 3110 1228 3152 rernm
1254 3111 1336 3154 crea·

233 3204 335 3260 tarum
357 3218 428 3260 cum
443 3196 549 3260 ordine
571 3196 763 3282 possibilium
785 3196 994 3261 identificavit.
1039 3198 1149 3284 Itaque
1169 3223 1228 3280 res,
1244 3210 1280 3267 ut
1302 3203 1334 3266 in

232 3307 299 3371 Deo
314 3316 398 3388 sunt,
413 3307 515 3372 nullas
534 3308 650 3373 habent
665 3308 807 3372 formales
822 3308 1018 3388 differentias,
1034 3310 1106 3394 quia
1127 3333 1191 3375 non
1206 3321 1280 3377 sunt
1301 3315 1334 3378 in

230 3418 297 3483 Deo
320 3418 488 3484 formaliter
502 3420 686 3484 formalitate
708 3418 841 3505 propria,
858 3419 911 3485 sed
933 3420 1102 3486 eminenter
1122 3430 1256 3505 tantum,
1271 3426 1334 3490 fere
1423 3485 1425 3490 .

232 3531 311 3595 sicut
325 3531 433 3615 figurae
453 3553 559 3595 omnes
577 3531 746 3616 possibiles,
762 3531 959 3617 quantumvis
981 3533 1191 3618 concipiantur
1209 3537 1334 3603 diversae

231 3641 311 3706 inter
332 3664 374 3722 se,
390 3664 452 3706 non
476 3642 595 3707 faciunt
617 3643 750 3727 spatium
769 3641 942 3707 absolutum
962 3643 994 3707 in
1018 3666 1050 3708 se
1069 3645 1245 3728 figuratum,
1261 3650 1334 3734 quia

231 3753 364 3837 spatium
380 3753 557 3818 absolutum
572 3776 635 3819 non
653 3764 699 3818 est
715 3755 882 3818 formaliter
902 3755 1003 3840 aliqua
1017 3756 1126 3840 figura,
1142 3759 1196 3822 scd
1209 3769 1331 3826 tantum

230 3863 370 3928 radicalis
384 3873 415 3929 et
424 3867 562 3930 eminens
577 3865 654 3930 ratio
669 3867 809 3930 omniurn
820 3867 987 3950 figurarum
1003 3869 1204 3952 possibilium.
1233 3873 1333 3940 Docet

231 3974 398 4060 Schelling,
414 3977 591 4041 Absolutum
610 3999 662 4040 ccc
679 3999 741 4040 csse
749 3976 872 4061 finitum
891 3999 943 4041 ccc
962 3979 1120 4062 infinitum,
1136 4003 1188 4044 racc
1206 4004 1267 4047 csse
1277 4008 1333 4051 ‘ccc

229 4107 408 4171 copnosccrc,
435 4111 487 4152 nec
512 4089 653 4152 obiectum
675 4111 727 4152 nec
751 4089 919 4167 adiectum,
934 4090 987 4152 sed
1009 4090 1043 4153 id
1065 4091 1177 4174 inquo
1203 4094 1333 4179 disparet

229 4201 321 4262 omnir
335 4199 415 4263 ratio
432 4200 635 4282 oppositionis,
650 4199 839 4277 diversitatis,
853 4201 1056 4282 separationis,
1072 4210 1101 4264 et
1122 4203 1155 4265 in
1174 4226 1230 4288 qno
1251 4209 1330 4272 iden.

229 4311 529 4393 tiflccntnr-cdsolutc
550 4312 673 4395 spiritus
694 4321 724 4375 ct
745 4319 862 4390 actura,
878 4311 1019 4376 obiectum
1038 4287 1076 4377 ct
1088 4316 1255 4399 mbicctnm,
1270 4343 1331 4388 csse
