3186 4982
203 387 273 444 oss.
290 367 337 451 1:]'
577 387 682 431 runnu
696 357 931 428 our'cnosmus.
1238 361 1302 424 283

202 551 376 606 eontinentur
386 553 536 608 eminenter
546 553 576 606 in
587 553 689 608 virtute
700 569 840 607 causarum
851 550 1023 618 naturalium,
1037 553 1066 603 st
1075 547 1259 621 potentialiter
1274 546 1304 601 in

202 637 331 710 potentiis
350 638 472 711 passivis,
485 656 546 711 quae
567 656 615 710 per
635 638 770 694 actionem
788 639 943 694 eanrmdem
963 635 1110 692 actuabiles
1125 640 1195 689 sunt.
1232 634 1305 688 Nam

203 724 287 779 etiam
298 725 372 780 entia
380 726 556 781 accidentalia
567 725 769 780 constituuntur
780 729 844 780 actu
855 729 884 780 et
894 723 1017 796 potentia
1027 722 1057 776 in
1068 721 1202 776 unitatem
1209 738 1305 794 quarn-

202 811 266 865 dam
278 812 500 884 conspirantibus,
509 816 543 866 ut
553 811 608 867 iam
619 817 743 866 notatum
751 815 794 866 θεῖ
802 830 809 865 t
828 816 857 867 et
866 811 928 865 ideo
937 825 1029 864 eorum
1035 808 1198 881 possibilitas
1206 809 1306 880 partim

204 903 245 952 est
261 898 291 952 in
302 899 402 955 virtute
419 899 509 970 aliqua
525 898 614 954 activa
627 914 688 969 quse
706 897 792 970 possit
805 902 897 952 actum
911 913 1017 969 ponere,
1030 895 1130 968 partim
1142 894 1172 948 in
1183 895 1306 967 potentia

204 983 294 1055 aliqua
304 984 414 1057 passiva
424 1001 485 1056 quae
497 990 588 1039 sctum
596 983 713 1057 recipere
724 983 816 1055 possit.

230 1069 280 1124 20.
299 1070 354 1125 Per
364 1070 561 1143 oppositionem
573 1070 609 1124 ad
623 1069 750 1142 possibile
768 1068 919 1141 concipitur
934 1065 1108 1141 impossibile.
1146 1067 1197 1123 Est
1211 1072 1304 1123 autem

204 1155 306 1229 aliquid
322 1157 488 1229 impossibile
505 1155 663 1229 tripliciter:
684 1157 712 1209 10
729 1155 753 1209 si
765 1156 845 1211 datus
855 1159 932 1210 actus
943 1154 1045 1227 primus
1056 1172 1112 1207 non
1122 1154 1221 1209 hebeat
1232 1154 1303 1226 apti-

204 1242 328 1297 tudinem
340 1243 375 1297 ad
386 1242 533 1298 terminum
545 1241 593 1314 qui
604 1241 730 1313 ponitur:
749 1246 778 1296 et
790 1241 828 1295 sic
840 1239 1014 1313 impossibilis
1031 1245 1072 1294 est
1087 1244 1163 1294 θθῖιῑε
1179 1240 1304 1296 substan-

204 1327 278 1382 tialis
290 1328 411 1383 materiae
423 1328 585 1383 terminatus
596 1328 631 1382 ad
643 1327 851 1399 cogitationem:
871 1327 900 1380 20
911 1327 935 1382 si
946 1327 1026 1381 datus
1042 1327 1173 1381 terminus
1188 1333 1305 1401 nequeat

205 1414 308 1469 actuari
319 1419 382 1470 actu
394 1415 441 1487 qui
453 1414 579 1487 ponitur:
598 1418 627 1468 et
638 1413 678 1468 sic
688 1413 862 1485 impossibilis
874 1418 915 1467 θεῖ
922 1417 998 1467 actus
1006 1413 1189 1468 intellectivus
1196 1414 1305 1470 mobilis

204 1518 253 1573 per
263 1502 309 1556 ubi
317 1502 417 1557 locale:
435 1503 465 1555 30
476 1501 500 1555 si
510 1502 564 1555 duo
576 1505 653 1555 actus
664 1500 781 1573 oppositi
798 1499 951 1554 tribuantur
968 1499 1057 1554 eidem
1074 1500 1198 1570 termino,
1210 1505 1243 1554 ut
1260 1519 1304 1557 ro·

142 1573 148 1584 ‘
204 1588 326 1642 smum
344 1594 372 1643 e:
389 1589 550 1660 quassum
567 1587 654 1642 essem
671 1585 813 1658 saman.
850 1587 885 1639 In
901 1585 945 1639 aa
962 1585 1077 1655 cassa,
1101 1585 1135 1640 os
1158 1586 1304 1659 incongru-

205 1675 316 1744 entiam,
334 1678 472 1746 nequeunt
489 1678 565 1728 εθῖιιθ
583 1677 612 1728 θῖ
628 1673 759 1727 terminus
777 1671 927 1743 conspirare
944 1671 974 1725 in
991 1673 1124 1726 unitatem
1142 1672 1304 1746 existentia,

205 1777 266 1832 quse
279 1764 320 1814 est
332 1760 473 1816 essentiale
484 1760 714 1831 complementum
726 1759 813 1813 omnis
825 1757 909 1812 entis:
928 1762 957 1812 et
968 1775 985 1812 a
995 1751 1100 1812 fortiori
1111 1775 1166 1812 non
1177 1763 1306 1831 poterunt

205 1847 259 1901 duo
275 1851 352 1902 actus
367 1846 419 1901 sibi
437 1851 534 1900 mutuo
551 1848 731 1917 repugnantes
747 1844 897 1917 conspirare
909 1843 938 1898 in
950 1861 1036 1899 unum
1048 1861 1094 1898 ens
1106 1849 1176 1899 actu.
1214 1845 1305 1912 Quare

205 1932 370 2004 impossibile
382 1932 434 1986 erit
445 1949 524 1986 omno
536 1931 567 1986 id
578 1933 646 2002 quod
657 1931 686 1986 c'rc
697 1931 750 1985 sais
755 1931 895 2001 pribabit
906 1931 1072 1984 constitutivis
1089 1931 1193 1986 involuit
1210 1951 1304 2004 νιψαμ-

204 2018 329 2073 boatium.
360 2017 430 2072 Haec
440 2017 643 2090 impossibilitas
655 2017 755 2072 dicitur
765 2017 917 2072 intrinseca
951 2016 1033 2070 Patet
1044 2021 1136 2071 autem
1147 2019 1220 2090 quod
1231 2019 1304 2074 eius·

206 2104 279 2158 modi
291 2102 456 2175 impossibile
467 2121 523 2157 non
535 2107 576 2156 est
587 2121 631 2157 cras
642 2103 700 2157 ullo
712 2103 801 2171 modo,
811 2120 845 2156 ne
857 2103 887 2157 in
894 2102 1036 2157 intellectu
1043 2103 1169 2174 quidem:
1189 2104 1305 2161 circulus

207 2191 280 2244 enim
290 2190 437 2260 quadratus
448 2190 544 2260 nequit
555 2189 661 2260 concipi
677 2189 711 2244 ad
725 2188 837 2244 modum
852 2189 941 2257 unius,
954 2189 1002 2243 sed
1016 2193 1125 2243 tantum
1142 2191 1176 2244 ad
1192 2192 1304 2246 modum

130 2305 133 2310 ·
207 2276 321 2330 duorum
332 2275 551 2330 discordantium.

241 2362 283 2415 21.
302 2361 425 2415 Practica
436 2359 638 2432 impossibilitas
650 2364 693 2414 est
704 2359 907 2432 impossibilitas
916 2359 1033 2432 ponendi
1041 2363 1133 2414 actum
1142 2361 1171 2415 in
1179 2363 1304 2436 termino,

206 2464 266 2518 quae
279 2465 334 2501 non
345 2447 378 2502 ab
390 2447 511 2519 ipsorum
522 2446 700 2518 repugnantia
711 2447 804 2515 oritur,
817 2447 864 2500 sed
877 2465 911 2501 ex
923 2446 1029 2502 defectu
1045 2465 1132 2503 causae
1149 2448 1304 2507 efficientis:

206 2540 246 2588 est
264 2533 347 2604 igitur
363 2532 566 2605 impossibilitas
582 2533 705 2602 relativa,
723 2550 778 2587 non
796 2532 925 2587 absoluta
962 2531 1008 2586 Sic
1026 2533 1121 2604 angelo
1139 2534 1305 2608 impossibile
1351 2577 1355 2584 -

207 2627 247 2675 est
259 2637 355 2688 creare,
367 2637 422 2673 non
434 2619 502 2688 Deo,
515 2624 543 2673 et
553 2618 659 2674 homini
670 2618 837 2690 impossibile
849 2623 891 2673 est
901 2619 1000 2689 volare,
1012 2637 1067 2673 non
1079 2620 1184 2690 aquilae.
1212 2622 1306 2678 Oritur

200 2723 269 2778 ergo
286 2706 405 2778 practica
422 2705 627 2778 impossibilitas
641 2723 676 2760 ex
690 2723 722 2759 eo
734 2706 807 2777 quod
818 2705 897 2760 detra
909 2705 1019 2759 effectus
1031 2723 1085 2759 non
1097 2707 1266 2762 contineatur
1277 2709 1306 2764 in

204 2793 308 2849 virtute
320 2794 391 2848 datae
403 2809 508 2860 causae3
526 2809 608 2865 quare
620 2809 705 2865 quum
713 2791 800 2846 virtus
810 2791 862 2846 Dei
874 2790 910 2846 sit
922 2791 1044 2845 absolute
1056 2791 1170 2860 infinita,
1182 2793 1253 2847 nihil
1264 2800 1306 2850 est

207 2879 265 2934 Deo
276 2879 393 2951 practice
405 2878 577 2950 impossibile,
589 2879 643 2932 nisi
655 2878 822 2949 quodetiam
837 2877 981 2932 intrinsece
997 2877 1033 2931 sit
1050 2877 1214 2950 impossibile
1228 2880 1305 2952 (VII.

207 2984 234 3020 n.
248 2967 304 3037 54).
1213 2997 1214 3000 =

241 3049 449 3123 impossibilitas
459 3049 606 3104 intrinseca
617 3054 645 3104 ct
656 3049 779 3104 absoluta
789 3049 889 3104 dicitur
900 3049 984 3104 etiam
995 3049 1186 3118 metaphysica:
1204 3050 1306 3124 impos·

208 3137 323 3192 sibilitas
342 3136 459 3209 practica
478 3140 506 3190 θῖ
524 3136 639 3208 relativa
659 3135 758 3190 dicitur
773 3135 890 3205 physico.
928 3134 980 3189 Est
1002 3135 1084 3188 etiam
1104 3135 1308 3206 impossibilitas

207 3223 322 3293 armatis,
335 3239 395 3295 quae
408 3227 536 3278 connotat
550 3221 738 3276 difficultatem
749 3221 886 3275 moraliter
897 3219 1113 3292 insuperabilem,
1126 3221 1160 3277 de
1172 3239 1226 3292 qua
1237 3223 1307 3278 nihil

207 3313 253 3369 hic
264 3311 362 3367 addere
373 3327 482 3365 necesse
494 3314 542 3364 θεῖ.

600 3439 768 3480 anrrcunns
780 3441 915 3480 rnarrus.

531 3545 576 3597 De
587 3545 719 3599 attributis
730 3546 796 3599 entis
807 3545 835 3598 in
846 3546 982 3600 commatri.

244 3664 286 3716 22.
305 3661 459 3739 Tribuimus
472 3662 528 3716 enti
540 3662 653 3717 cuilibet
664 3663 731 3717 reali
743 3663 886 3732 maeotium,
899 3661 1069 3732 esistmtiom,
1081 3662 1222 3732 ceritatem,
1238 3663 1310 3716 borsi-

209 3754 296 3818 totana
305 3748 436 3816 cndotem,
446 3749 660 3818 abpctoritatcm,
669 3749 845 3819 quiddttotcm,
855 3750 888 3804 ds
896 3748 994 3822 quibus
1002 3749 1048 3804 hic
1057 3749 1159 3820 aliquid
1166 3749 1311 3803 dicendum

210 3839 258 3888 est.
295 3833 426 3886 Doctrina
437 3850 501 3887 vera
518 3838 546 3888 et
563 3833 714 3888 communis
732 3840 773 3888 est
786 3836 859 3905 quod
870 3853 921 3904 oss,
934 3853 1031 3904 oerum,
1044 3853 1132 3904 caum,
1147 3834 1247 3903 tonum,
1261 3853 1309 3903 res,

209 3918 375 3988 dereliquid
397 3923 590 3972 convertuntur
612 3919 735 3973 realiter:
761 3924 789 3974 et
810 3921 862 3974 hoc
885 3920 914 3975 in
935 3920 1029 3974 ordine
1049 3921 1115 3974 reali
1137 3919 1250 3992 physico
1270 3927 1311 3975 est

208 4021 316 4076 prorsus
327 4020 429 4057 verum.
466 4002 521 4057 Sed
536 4005 565 4057 in
584 4005 676 4058 ordine
688 4005 881 4077 metaphysica,
894 4006 966 4060 sicut
978 4011 1040 4060 sunt
1052 4001 1181 4061 distincta
1191 4007 1311 4078 nomina,

209 4091 249 4144 ita
259 4095 323 4143 sunt
334 4087 457 4143 distincti
469 4095 614 4161 conceptus
628 4090 758 4144 formales.

243 4178 285 4231 23.
305 4177 362 4230 Ena
373 4177 444 4230 reale
456 4175 562 4230 definiri
573 4179 663 4249 potest
673 4176 828 4248 tripliciter:
849 4178 876 4232 10
888 4177 1012 4251 ponendo
1024 4183 1116 4234 actum
1127 4178 1246 4248 inrecto,
1255 4183 1311 4233 ter-

209 4263 314 4316 minum
324 4279 389 4316 vero
405 4261 435 4315 in
450 4260 573 4334 obliquo:
593 4263 622 4314 20
632 4263 756 4335 ponendo
769 4269 861 4318 actum
873 4271 900 4319 et
911 4265 1059 4319 terminum
1069 4266 1099 4319 in
1110 4272 1198 4320 recto:
1219 4267 1250 4320 30
1261 4284 1311 4338 po-

209 4348 297 4403 nendo
312 4347 541 4420 complementum
555 4349 584 4402 in
596 4353 670 4404 recto
681 4353 710 4402 et
721 4349 825 4420 reliqua
835 4350 864 4404 in
877 4350 993 4422 obliquo.
1030 4350 1123 4405 Primo
1136 4352 1216 4406 modo
1228 4352 1311 4408 habe·
