3222 4984
278 363 341 427 180
580 379 623 423 ns
639 377 780 423 remorsu
797 377 854 421 nnr
872 376 908 421 ru
926 375 1059 420 nunno.
1223 353 1308 436 [car.
1326 373 1380 416 111.

277 545 311 608 in
322 553 403 608 terra
417 543 464 609 vel
478 544 590 610 innavi
601 544 788 611 constitutus
798 541 882 608 subit
892 539 1086 606 influentiam
1097 549 1200 604 motus
1214 539 1252 603 ab
1268 540 1381 602 extrin-

278 676 346 720 seco
360 655 495 722 causati:
518 664 550 721 et
571 655 638 741 pari
657 656 773 720 ratione
796 661 943 718 creaturae
965 651 1139 730 rationales,
1155 650 1212 714 etsi
1234 673 1288 734 per
1309 673 1379 734 pro·

277 766 375 852 priam
398 767 652 852 gubernationem
668 791 700 832 se
720 767 854 852 dirigant
877 767 916 831 ad
938 765 1015 829 fines
1036 763 1243 850 particulares,
1267 763 1299 826 in
1322 762 1379 825 hoc

277 878 345 964 ipso
359 886 464 944 tamen
479 878 610 944 subsunt
620 877 730 943 divium
744 876 943 964 providentiae
959 898 1063 940 earum
1076 897 1199 940 cursum
1211 873 1380 937 moderanti

277 1011 313 1056 ac
327 989 462 1056 flectenti
476 998 508 1055 et
518 990 599 1054 intra
614 989 743 1056 orbitam
758 989 923 1075 quamdam
938 1011 990 1053 eas
1004 986 1185 1052 continenti.

322 1102 376 1167 36.
400 1100 555 1177 Quaeritur
568 1101 669 1180 tertio,
681 1123 720 1166 an
727 1101 915 1185 prandentis
929 1100 1028 1164 divim
1042 1106 1171 1162 nasetur
1193 1099 1270 1161 circa
1285 1099 1383 1172 amnia

272 1215 485 1297 particularia.

324 1326 506 1412 Respondeo
527 1326 713 1391 affirmativa.
762 1327 857 1399 Qum
879 1327 966 1403 enirn,
981 1332 1017 1388 nt
1030 1323 1074 1388 ait
1093 1323 1125 1388 S.
1141 1322 1273 1386 Thomas
1291 1322 1334 1405 (p.
1351 1325 1379 1384 1.

279 1457 310 1522 q.
326 1439 379 1501 22.
392 1459 419 1501 a.
434 1437 481 1517 2),
497 1459 580 1502 arnna
594 1459 683 1520 ayens
705 1444 776 1519 aaut
793 1444 921 1520 propter
940 1434 1042 1519 finan,
1066 1442 1180 1499 tanturn
1200 1455 1232 1497 se
1253 1434 1383 1496 eatendit

280 1547 425 1613 ordinatio
440 1549 593 1632 effectuum
607 1549 639 1610 in
646 1546 749 1631 finan,
765 1555 906 1630 quantum
919 1569 951 1610 se
965 1545 1094 1611 ostendit
1116 1544 1274 1609 carnalitas
1289 1545 1383 1627 primi

280 1659 402 1741 aperitis.
440 1658 494 1720 En
508 1659 563 1722 loc
572 1661 649 1722 enim
663 1659 807 1740 continpit
818 1659 850 1720 in
863 1658 1000 1741 operibus
1008 1657 1132 1720 alicuius
1142 1657 1257 1738 aptatis
1270 1656 1385 1738 aliquid

274 1769 430 1851 proumirc
450 1790 509 1832 non
531 1769 696 1832 ordinatum
720 1769 761 1832 ad
773 1767 876 1852 finem,
892 1769 963 1851 quia
985 1769 1106 1851 effectus
1127 1766 1177 1832 illc
1197 1768 1330 1848 sequitur
1346 1789 1384 1830 ea

280 1878 382 1961 aliqua
396 1900 485 1942 causa
504 1887 615 1963 prater
629 1881 819 1945 intentivum
838 1880 960 1963 aperitis.
1010 1877 1179 1943 Consulitas
1195 1885 1293 1942 autem
1311 1878 1383 1956 Dei,

282 1989 335 2071 qui
349 1997 392 2052 est
399 1990 531 2070 punam
546 2011 645 2073 apuu,
659 2011 691 2054 sc
705 1990 834 2054 retendit
848 2011 939 2072 usqae
953 1989 994 2052 ad
1006 1990 1102 2052 omnia
1121 1990 1200 2052 entia
1219 2010 1278 2052 non
1291 1989 1384 2054 solum

280 2108 420 2182 quantum
435 2101 476 2164 ad
491 2101 643 2185 principia
657 2102 771 2184 specim
786 2101 839 2166 sed
858 2101 947 2164 etiam
969 2107 1110 2184 quantum
1132 2099 1173 2162 ad
1192 2099 1384 2166 individualia

274 2213 426 2295 priampiu
450 2234 509 2275 non
529 2213 622 2276 solum
648 2211 924 2295 incorruptibilium,
946 2211 1000 2275 sed
1028 2213 1117 2276 etiarn
1141 2213 1384 2296 corruptibilium.

286 2323 368 2386 Unde
382 2345 494 2388 necesse
509 2332 562 2400 eu,
572 2325 679 2402 amnia,
688 2345 752 2406 qun
766 2325 873 2396 labent
887 2345 1064 2408 quacumque
1072 2324 1157 2388 modo
1168 2345 1238 2402 esse,
1249 2325 1384 2400 ordinata

281 2454 343 2497 esse
368 2455 387 2496 u
412 2435 478 2498 Deo
503 2435 535 2496 in
551 2433 655 2518 finem,
682 2434 836 2498 seeundum
856 2434 933 2498 tuat
953 2435 1091 2519 Apostoli
1112 2436 1154 2500 ad
1172 2437 1259 2502 Rom.
1276 2438 1328 2500 13.
1345 2440 1383 2500 l:

281 2542 359 2621 Quae
374 2567 392 2608 a
405 2545 474 2609 Deo
489 2553 573 2624 sunt,
588 2544 729 2608 ordinata
747 2553 830 2609 sunt.
879 2547 975 2619 Quum
994 2567 1062 2630 erpo
1077 2547 1249 2610 attitulat
1267 2549 1308 2612 sit
1323 2550 1384 2611 Dei

275 2657 469 2736 procidentia,
486 2677 573 2739 quarn
590 2658 669 2719 ratio
686 2656 797 2719 ordinis
814 2678 911 2720 rernm
933 2659 965 2719 in
972 2655 1075 2740 finem,
1090 2679 1203 2722 maesse
1217 2667 1261 2722 est
1275 2661 1384 2736 omniu,

280 2769 312 2829 in
325 2775 466 2850 quantum
485 2768 672 2850 participant
686 2789 756 2845 esse,
771 2769 803 2829 in
823 2775 938 2830 tanturn
958 2768 1044 2831 subdi
1061 2768 1164 2842 diuina
1179 2771 1381 2853 mandentia.

281 2879 427 2942 Similiter
463 2879 551 2942 etiarn
571 2924 602 2942 ..
622 2924 655 2941 ..
678 2879 762 2940 Deras
794 2879 892 2942 omnia
916 2881 1071 2963 capnoscit,
1096 2888 1125 2944 et
1150 2857 1326 2944 universalia
1354 2890 1383 2944 et

275 2989 491 3070 particularia:
514 2998 543 3052 et
555 3012 643 3072 quum
654 2990 781 3073 aequitio
793 2991 855 3053 eius
867 2999 1048 3073 comparetur
1057 2990 1159 3069 adres,
1171 2992 1247 3055 aaut
1256 2993 1382 3075 capnitis

280 3099 355 3162 artis
364 3097 571 3181 adurtifiaiuta
583 3102 625 3182 (q.
644 3101 694 3164 14.
710 3121 738 3162 a.
754 3100 800 3182 6),
815 3121 927 3164 maesse
936 3102 1067 3184 estquod
1075 3104 1172 3165 omnia
1182 3111 1384 3187 supputantur

278 3231 330 3272 suo
346 3209 451 3287 ordini,
465 3211 542 3274 sieut
556 3211 652 3272 omniu
666 3210 826 3295 artificiola
841 3212 1003 3276 striduntur
1018 3213 1115 3276 ordini
1130 3215 1214 3278 artis.

323 3321 376 3385 37.
400 3317 555 3394 Quaeritur
570 3328 688 3403 quarto,
709 3329 807 3384 atrurn
827 3321 927 3386 diuina
943 3324 1132 3405 procidentia
1156 3346 1192 3388 uc
1207 3327 1384 3409 pubunatio

283 3432 394 3515 cliriyat
408 3431 525 3514 sinpala
540 3432 665 3515 adfines
679 3455 747 3496 suos
764 3435 968 3515 particulares
981 3458 1061 3518 uque
1083 3459 1118 3500 uc
1137 3437 1177 3499 ad
1190 3437 1284 3522 finem
1293 3460 1381 3521 perae·

278 3542 379 3606 rulant.

323 3652 515 3738 Respondeo,
531 3654 607 3718 fines
630 3655 826 3738 particulares
849 3655 908 3720 dici
930 3679 1018 3741 posse
1040 3657 1218 3743 tripliciter:
1242 3659 1289 3726 vel
1308 3663 1380 3747 quia

279 3773 352 3829 sunt
368 3787 437 3849 pars
452 3764 522 3828 finis
533 3766 692 3848 generalis,
709 3766 754 3830 vel
770 3767 841 3851 quia
856 3767 894 3832 ad
910 3769 1010 3853 ipsum
1024 3769 1150 3849 ducunt,
1167 3770 1210 3834 vel
1227 3773 1381 3857 quiasunt

279 3875 500 3959 proportionati
516 3875 608 3939 rebus
622 3877 866 3960 particularibus.
911 3879 1002 3944 Fines
1024 3882 1231 3965 particulares
1247 3891 1283 3948 ut
1307 3894 1380 3950 sunt

279 4009 349 4070 pars
364 3987 434 4049 finis
450 3984 609 4068 generalis,
625 3987 779 4051 evidenter
794 3990 908 4053 cadunt
929 3992 986 4054 sub
1004 3993 1174 4057 intentione
1194 3995 1264 4058 finis
1287 4019 1379 4079 gene-

279 4097 361 4175 ralis,
374 4097 445 4179 qnia
460 4119 513 4180 per
529 4099 771 4162 consecutionem
796 4101 933 4164 omnium
957 4102 1064 4166 finium
1085 4105 1259 4187 partialium
1275 4128 1381 4172 conse·

190 4221 193 4230 ·
280 4207 384 4289 quitur
405 4207 492 4269 Deus
513 4206 600 4270 illum
620 4208 750 4291 gradum
773 4210 877 4294 gloriae
892 4212 1074 4291 extrinsecae,
1091 4235 1215 4298 quemn
1235 4220 1380 4282 creaturis

284 4317 350 4376 vult
366 4315 485 4379 habere.
532 4317 611 4380 ltem
628 4340 732 4382 omnes
744 4319 819 4381 fines
831 4321 1036 4403 particulares,
1048 4323 1239 4408 inquantum
1253 4327 1381 4410 positive
