3212 4986
218 387 347 471 car.1.]
700 407 742 451 nr
758 408 835 452 nno.
1244 417 1254 442 ο
1300 387 1320 447 5

216 597 282 638 rem
296 575 398 660 perid
412 575 495 659 quod
510 573 597 639 nullo
611 575 703 640 modo
717 582 764 640 est
778 575 812 638 in
826 596 882 654 ea3
906 575 988 659 quod
1003 577 1085 639 enim
1101 582 1225 639 nonest
1240 575 1273 638 in
1287 597 1320 639 re

216 687 324 773 nequit
343 686 517 770 imprimere
535 686 666 770 speciem
688 685 750 750 rei:
773 693 804 750 et
824 685 867 750 sic
881 686 1020 751 videmus
1038 686 1121 772 quod
1137 685 1242 751 album
1256 708 1320 750 non

215 798 304 862 ducit
318 798 351 861 in
366 797 572 882 cognitionem
589 796 698 861 dulcis.

262 908 413 987 Secundo,
426 907 559 985 intuitio,
573 929 627 971 seu
638 906 753 972 directa
767 915 798 973 et
812 907 989 972 immediata
1004 909 1213 993 apprehensio,
1226 909 1320 994 exigit

216 1028 253 1083 ut
267 1041 325 1098 res,
341 1041 409 1103 quae
424 1018 467 1082 sic
481 1017 571 1083 debet
586 1018 783 1102 apprehendi,
799 1018 966 1083 constituat
980 1041 1013 1084 se
1027 1029 1208 1104 praesentem
1228 1019 1318 1084 intel·

217 1130 311 1194 lectui
333 1128 538 1214 imprimendo
558 1129 688 1213 speciem
711 1129 758 1192 sui
775 1129 809 1192 in
824 1131 999 1215 passivitate
1013 1130 1214 1196 intellectiva:
1237 1131 1321 1216 quod

218 1250 266 1306 est
294 1241 421 1305 omnino
450 1248 569 1304 certum
597 1262 635 1304 ex
662 1241 730 1324 ipsa
754 1249 865 1306 natura
892 1241 1078 1306 intellectus.
1121 1242 1219 1328 Atqui
1233 1242 1320 1307 Deus

218 1351 337 1416 nullam
351 1351 522 1414 naturalem
537 1351 690 1434 impressit
706 1351 837 1435 speeiem
850 1352 898 1415 sui
912 1375 977 1417 esse
991 1354 1024 1416 in
1048 1354 1202 1418 mentibus
1220 1354 1319 1419 homi-

219 1483 305 1526 num.
349 1463 434 1546 Ergo
458 1463 564 1546 nequit
587 1484 675 1525 mens
694 1462 829 1526 humana
846 1462 957 1527 habere
974 1465 1156 1545 naturalem,
1173 1465 1319 1530 directam

220 1584 251 1639 et
273 1574 481 1638 immediatam
498 1573 694 1637 intuitionem
710 1574 786 1639 Dei:
810 1583 840 1639 et
862 1584 1082 1660 consequenter
1099 1576 1168 1640 idea
1182 1576 1243 1640 Dei
1256 1599 1320 1641 non

220 1686 351 1751 habetur
365 1709 420 1770 per
435 1685 564 1769 primam
580 1686 863 1769 apprehensionem,
879 1687 993 1751 sedeat
1010 1686 1079 1750 idea
1098 1687 1215 1752 factitia
1234 1697 1265 1752 et
1284 1710 1321 1752 ex

220 1799 286 1862 aliis
295 1798 435 1863 deducta.
480 1797 586 1861 Minor
596 1797 762 1881 probatur3
786 1819 858 1861 nam
868 1796 894 1860 si
903 1798 994 1861 homo
1006 1798 1131 1862 haberet
1140 1800 1319 1884 impressam

222 1910 363 1994 speciem,
379 1930 440 1992 qua
460 1907 635 1971 immediate
653 1907 820 1991 perciperet
839 1930 893 1972 ens
913 1907 1051 1973 absolute
1068 1897 1234 1988 infinitum,
1255 1932 1322 1994 per-

222 2021 335 2106 ciperet
347 2019 440 2084 etiam
451 2018 625 2083 immediate
636 2039 763 2102 peream
776 2018 906 2103 speciem
917 2026 984 2083 tum
997 2020 1245 2099 immensitatem,
1254 2029 1322 2085 tum

223 2131 433 2209 aeternitatem,
446 2139 515 2194 tum
529 2128 588 2194 alia
602 2127 705 2193 divina
720 2129 877 2208 attributa,
892 2152 961 2214 quae
975 2152 1038 2193 non
1054 2131 1152 2194 solum
1168 2131 1323 2215 pertinent

222 2242 261 2306 ad
276 2264 330 2304 ena
345 2242 513 2320 infinitum,
528 2240 582 2304 sed
597 2248 670 2303 sunt
684 2239 815 2305 identiee
829 2242 932 2324 ipsum
946 2262 1001 2304 ens
1015 2240 1182 2319 infinitum,
1194 2251 1230 2306 ut
1243 2241 1325 2307 infra

224 2353 406 2430 videbimus,
422 2362 453 2416 et
466 2373 572 2416 omnes
587 2352 794 2416 consentiunt.
825 2351 868 2415 At
882 2351 972 2436 plane
987 2361 1103 2415 certum
1118 2361 1176 2430 est,
1190 2372 1247 2416 nos
1260 2375 1325 2417 non

224 2464 401 2530 immediate
421 2463 574 2548 percipere
592 2463 667 2548 quid
689 2463 729 2526 sit
749 2462 947 2538 immensitas,
963 2473 1017 2526 aut
1037 2462 1200 2543 aeternitas,
1215 2463 1269 2528 sed
1286 2463 1326 2528 ad

224 2577 289 2641 haec
304 2574 505 2660 concipienda
519 2574 671 2654 devenire,
687 2582 718 2638 et
733 2573 857 2658 quidem
872 2595 942 2638 cum
963 2572 1151 2654 difficultate,
1166 2581 1198 2638 et
1215 2575 1325 2660 imper·

224 2687 400 2766 lectissime,
415 2694 580 2771 postquam
594 2684 734 2749 novimus
747 2683 849 2749 locum
864 2691 895 2749 et
909 2691 1041 2768 tempus.
1086 2684 1170 2769 Ergo
1185 2684 1326 2750 similiter

224 2821 288 2864 non
302 2796 488 2875 immediate,
503 2818 561 2860 nec
580 2817 634 2880 per
652 2795 794 2880 speciem,
809 2795 996 2880 percipimus
1011 2795 1171 2859 entitatem
1186 2794 1256 2875 Dei,
1272 2797 1326 2861 sed

224 2911 265 2976 ad
277 2933 345 2975 eam
360 2908 539 2973 devenimus
554 2916 717 2992 postquam
733 2929 780 2970 res
790 2906 894 2970 finitas
904 2905 1055 2971 novimus.

269 3020 383 3100 Tertio,
398 3018 481 3104 quod
496 3017 564 3082 idea
572 3016 632 3081 Dei
648 3017 687 3081 sit
702 3017 770 3080 idea
783 3038 820 3079 ex
830 3014 921 3079 rebus
935 3015 1031 3079 finitis
1046 3015 1177 3080 deducta
1190 3025 1275 3101 patet
1290 3040 1326 3083 ex

226 3157 263 3201 eo
285 3133 370 3218 quod
391 3131 504 3210 omnia,
520 3152 589 3215 quae
604 3130 642 3194 de
656 3129 723 3194 Deo
738 3127 947 3213 praedicamus,
963 3128 1138 3212 cogitantur
1152 3151 1170 3192 a
1184 3129 1273 3193 nobis
1286 3131 1326 3195 ad

225 3243 458 3311 similitudinem
480 3240 643 3327 quamdam
667 3262 783 3318 corum,
798 3261 866 3322 quae
887 3239 920 3302 in
943 3240 1087 3303 creaturis
1102 3241 1325 3323 cognoscimus,

227 3355 355 3420 sublatis
382 3350 675 3438 imperfectionibus.
736 3348 786 3413 Sic
808 3349 909 3412 Deum
934 3349 1062 3413 dicimus
1091 3349 1325 3434 intelligentem,

226 3469 367 3546 liberum,
391 3467 504 3542 vivum,
526 3472 695 3548 potentem,
717 3461 895 3545 sapientem,
918 3461 1046 3539 iustum,
1070 3461 1256 3526 beneficum:
1294 3472 1326 3528 et

227 3579 358 3644 dicimus
372 3577 475 3641 Demn
497 3597 562 3639 esse
585 3574 650 3638 sine
672 3594 763 3636 causa
784 3594 802 3635 a
823 3593 884 3655 qua
906 3571 1047 3656 pendeat,
1064 3571 1129 3636 sine
1146 3572 1244 3652 initio,
1260 3574 1327 3638 sine

227 3689 406 3767 mutatione,
430 3687 495 3751 sine
516 3683 745 3769 compositione,
769 3681 834 3746 sine
855 3682 954 3746 limite
978 3682 1191 3767 perfectionis:
1225 3683 1274 3748 his
1296 3695 1328 3750 et

228 3799 380 3866 similibus
401 3796 571 3862 rationibus
593 3794 705 3879 partim
727 3793 855 3878 positive
876 3793 990 3878 partim
1018 3794 1158 3877 negative
1180 3797 1328 3878 expressis

228 3912 402 3977 continetur
423 3907 558 3992 cognitio
580 3928 641 3991 qua
662 3905 856 3988 cognoscitur
877 3927 896 3968 a
916 3904 1007 3968 nobis
1035 3903 1188 3968 divinitas.
1232 3907 1330 3991 Atqui

228 4023 315 4088 nulla
329 4033 376 4085 est
394 4021 474 4084 inter
495 4019 551 4082 has
573 4017 706 4082 rationes
723 4015 852 4100 positive
869 4037 1036 4100 expressas,
1051 4036 1119 4099 quae
1138 4036 1201 4080 non
1220 4016 1260 4081 sit
1280 4041 1331 4083 ex·

229 4132 377 4220 parientia
391 4130 535 4214 cognita3
558 4150 631 4212 ergo
646 4125 797 4212 quidquid
812 4126 940 4210 positive
954 4125 1140 4190 affirmamus
1156 4125 1194 4190 de
1202 4126 1279 4208 Deo,
1295 4152 1332 4194 ex

229 4243 375 4309 creaturis
386 4241 425 4306 ad
437 4241 538 4304 Deum
553 4237 776 4302 transferimus.
821 4237 911 4300 Patet
926 4247 1040 4314 autem,
1055 4235 1139 4320 quod
1153 4239 1332 4321 negationes

230 4353 467 4441 imperfectionis
489 4361 520 4416 et
538 4349 644 4416 limitis
662 4348 786 4414 inutiles
803 4356 915 4427 essent,
931 4347 967 4426 si,
984 4347 1056 4412 dum
1073 4346 1203 4412 dicimus
1218 4349 1333 4413 intelli·
