3212 4986
222 363 292 407 car.
311 343 353 427 1.]
697 363 741 406 nn
758 364 833 407 nno.
1280 338 1324 400 25¹

221 525 521 607 repraesentantibus.
568 526 631 589 Ubi
651 535 753 589 autem
772 524 858 588 nulla
876 532 923 588 est
941 523 1103 608 oppositio,
1118 523 1161 586 ibi
1177 521 1261 586 nulla
1275 532 1323 586 est

220 633 327 698 relatio
353 636 412 698 nisi
440 635 611 700 identitatis
634 634 788 702 absolutae.
835 634 896 698 Sed
919 635 980 698 iam
1005 633 1257 698 considerandum
1276 643 1322 697 est

220 746 311 830 quod,
323 769 420 830 quum
432 747 518 811 Deus
530 747 570 812 sit
581 771 635 811 ens
651 748 807 811 infinitum
822 756 853 810 et
868 746 987 810 infinite
1003 745 1180 830 perfectum,
1192 745 1322 830 ideoque

220 857 339 920 infinite
350 856 544 942 intelligibile
559 870 590 922 et
605 859 724 922 infinite
738 857 914 942 intelligens
929 880 1015 922 suam
1029 856 1320 940 intelligibilitatem,

220 977 311 1051 atque
331 968 403 1031 hine
425 977 578 1053 nequatur,
594 992 659 1033 esse
679 969 711 1032 in
726 969 794 1032 Deo
814 969 965 1032 infinitam
985 968 1083 1031 ideam
1099 991 1161 1031 suae
1176 967 1319 1050 intelligi·

218 1078 367 1158 bilitatis3
391 1089 422 1143 et
443 1080 590 1158 similiter,
606 1103 702 1164 quum
719 1081 805 1144 Deus
823 1079 862 1143 sit
878 1102 1033 1143 summum
1048 1078 1163 1143 bonum
1180 1079 1237 1142 sibi
1252 1102 1320 1163 per-

218 1190 296 1253 fecte
319 1191 487 1275 cognitum,
504 1191 560 1255 sibi
584 1191 702 1254 infinite
725 1190 863 1268 amabile,
880 1200 910 1254 et
933 1191 1005 1254 hinc
1028 1199 1181 1274 sequatur,
1200 1214 1265 1256 esse
1287 1193 1319 1254 in

217 1301 284 1365 Deo
310 1302 461 1365 infinitam
489 1302 739 1387 complacentiam
765 1302 802 1366 de
828 1325 884 1366 sua
909 1301 1112 1379 amabilitate3
1136 1304 1320 1386 comparatio

217 1415 298 1477 inter
312 1414 414 1478 Deum
434 1423 468 1477 ut
489 1423 666 1478 ¹actuantem
684 1413 783 1477 ideem
802 1413 849 1477 sui
871 1413 1034 1490 infinitam,
1050 1421 1080 1476 et
1105 1413 1208 1476 Deum
1223 1422 1258 1477 ut
1274 1423 1321 1477 cst

216 1525 249 1586 in
264 1524 332 1588 idea
347 1525 389 1588 sio
405 1533 535 1604 actuata,
561 1525 634 1588 item
650 1524 730 1588 inter
744 1524 844 1588 Deum
867 1533 901 1587 ut
916 1531 1089 1587 aetuantem
1105 1523 1255 1589 infinitam
1271 1526 1319 1590 sui

217 1635 477 1720 complacentiam,
499 1621 536 1700 et¹
544 1637 646 1700 Deum
671 1645 706 1699 ut
730 1636 849 1699 infinite
873 1635 1098 1720 complacitum,
1119 1657 1182 1698 non
1206 1637 1318 1719 poterit

11 1787 20 1802 .
103 1829 105 1832 Ι
215 1746 349 1831 praebere
361 1747 455 1811 solam
467 1747 595 1810 rationis
608 1747 844 1824 distinctionem,
856 1745 919 1824 sed,
932 1745 1013 1810 salva
1025 1769 1142 1831 semper
1156 1747 1318 1811 identitate

216 1857 363 1936 essentiae,
380 1880 434 1921 seu
449 1865 534 1920 actus
550 1857 645 1920 divini
660 1856 800 1934 absoluti,
817 1857 907 1920 ducet
923 1856 960 1920 ad
975 1857 1132 1920 relationes
1145 1858 1247 1935 reales,
1264 1881 1318 1922 seu

216 1990 342 2062 quarum
366 1969 487 2032 termini
509 1969 620 2032 realem
641 1969 864 2052 oppositionem
882 1968 1036 2032 relativam
1061 1968 1177 2046 dicunt,
1199 1977 1229 2032 et
1248 1969 1317 2034 ideo

215 2080 335 2143 realiter
353 2080 477 2144 relative
497 2081 742 2163 distinguuntur.
786 2080 836 2143 De
854 2080 902 2142 his
922 2079 1119 2142 relationibus
1139 2080 1250 2144 divinis
1269 2104 1316 2145 re·

216 2191 314 2253 alibus
325 2199 355 2253 et
371 2191 543 2254 intrinsecis
559 2213 648 2274 agere
660 2190 699 2254 ad
713 2190 898 2273 theologiam
914 2189 1075 2252 revelatam
1090 2191 1240 2273 pertinet:
1263 2192 1317 2256 sed

215 2302 287 2386 quia
305 2302 395 2364 etiam
418 2302 619 2386 philosophia,
635 2302 735 2385 posita
755 2299 980 2384 supernaturali
1000 2300 1189 2379 revelatione,
1204 2310 1316 2386 potest,

214 2436 249 2477 ex
271 2424 356 2498 parte
379 2414 495 2494 saltem,
512 2437 580 2498 quae
598 2438 616 2478 a
635 2413 785 2497 theologis
808 2412 973 2477 traduntur
992 2413 1178 2492 confirmare,
1194 2423 1224 2478 et
1243 2416 1316 2499 quia

213 2527 349 2610 theologi
363 2527 394 2589 in
411 2525 562 2590 solvendis
578 2509 809 2590 difficultatibus
825 2525 904 2588 circa
919 2522 1079 2606 Unitatem
1095 2534 1125 2588 et
1135 2524 1314 2591 Trinitatem

214 2638 272 2701 Dei
290 2659 352 2700 non
372 2660 439 2702 raro
456 2638 583 2701 rationis
601 2637 759 2722 principiis
778 2635 970 2716 adiuvantur,
987 2635 1109 2700 tandem
1126 2637 1206 2722 quia,
1223 2639 1314 2704 etiam

213 2749 246 2812 in
275 2748 478 2833 philosophia,
509 2748 547 2813 ad
577 2749 722 2812 tuendam
754 2747 961 2812 omnimodam
993 2748 1054 2811 Dei
1088 2749 1314 2832 simplicitatem

213 2861 436 2924 ostendendum
461 2869 517 2940 est,
538 2860 699 2924 relationes
724 2859 841 2923 divinas
864 2859 981 2948 nullam
1006 2861 1255 2943 compositionem
1282 2863 1314 2926 in

212 2969 280 3033 Deo
302 2968 429 3055 exigere,
452 2993 548 3054 pauca
570 2969 709 3054 quaedam
732 2969 770 3032 de
792 2969 942 3032 eiusmodi
964 2969 1161 3034 relationibus
1188 2973 1314 3038 dicenda

212 3105 277 3144 esse
295 3081 419 3145 censui:
443 3104 497 3166 per
514 3103 582 3166 quae
602 3089 632 3143 et
655 3081 752 3164 qualis
773 3083 813 3143 sit
829 3081 921 3159 Deua,
937 3091 1087 3164 quantum
1110 3083 1174 3146 fieri
1192 3086 1314 3168 poterit,

211 3215 438 3276 cognoscemus,
454 3201 484 3255 et
499 3189 663 3256 faciliorem
680 3192 756 3254 viam
769 3192 808 3255 ad
824 3191 922 3256 multa
938 3192 996 3254 alia
1011 3192 1137 3257 solidius
1157 3198 1315 3260 tractanda

211 3315 241 3367 ct
258 3304 431 3367 distinctius
446 3302 645 3387 intelligenda
660 3303 839 3387 aperiemus.

254 3417 306 3477 34.
330 3413 439 3498 Itaque
458 3413 648 3498 inabsoluta
668 3413 804 3476 realitate
822 3415 901 3476 eutis
921 3411 1041 3478 infinite
1062 3416 1198 3499 perfecti,
1214 3409 1313 3502 primd

211 3526 365 3589 invenitur
380 3524 456 3588 ratio
471 3525 551 3588 entis
564 3547 683 3587 summe
699 3525 756 3588 sibi
772 3523 990 3608 intelligibilis:
1014 3535 1045 3589 et
1061 3526 1117 3589 sub
1129 3528 1186 3592 hac
1197 3530 1313 3594 ratione

210 3635 417 3700 consideratur
429 3636 548 3699 realitas
558 3634 697 3699 absoluta
707 3644 741 3698 ut
754 3635 880 3720 quidam
890 3645 975 3699 actus
984 3636 1101 3720 primus
1111 3638 1312 3704 intellectivus

209 3749 356 3826 infinitus,
373 3771 426 3812 seu
449 3757 484 3810 ut
499 3748 595 3811 virtus
619 3749 769 3811 aetuativa
790 3748 865 3811 ideae
887 3748 1014 3812 infinitae
1038 3757 1133 3812 totam
1153 3750 1248 3834 ipsius
1264 3753 1310 3815 in·
1356 3735 1357 3740 ἵ

210 3859 458 3942 telligibilitatem
481 3859 699 3943 perfectissime
722 3859 985 3944 repraesentantis:
1008 3869 1038 3923 et
1061 3861 1118 3924 hoc
1136 3871 1181 3924 est
1201 3862 1311 3928 habere

209 3970 368 4033 relativam
381 3973 525 4034 rationem
538 3973 692 4054 principii,
709 3971 780 4054 quia
803 3970 996 4054 intelligibile
1017 3973 1049 4035 in
1066 3982 1135 4036 actu
1149 3974 1311 4060 principiat

210 4081 357 4145 actualem
373 4081 620 4144 intellectionem.

207 4175 209 4180 ⁵
254 4193 336 4256 Hinc
351 4192 485 4256 secundo
499 4193 531 4255 in
548 4193 688 4257 absoluta
702 4195 839 4258 realitate
854 4195 933 4258 entis
949 4194 1068 4259 infinite
1085 4197 1211 4280 perfecti
1228 4199 1310 4265 inve·

209 4305 293 4368 nitur
313 4303 405 4367 etiam
427 4304 504 4367 ratio
526 4304 606 4367 entis
629 4328 748 4368 summe
768 4297 825 4368 sibi
847 4305 992 4370 intellecti
1010 4329 1064 4390 per
1079 4308 1227 4372 actualem
1242 4333 1309 4393 per·
