3212 4986
207 393 279 438 aar.
297 377 368 460 nn]
416 445 418 450 ,
690 401 732 444 nu
749 401 823 445 nno.
1263 385 1307 446 49

206 562 408 628 mutationem
430 563 463 627 in
479 563 566 629 Deo:
589 587 661 630 nam
676 587 740 632 non
761 576 863 652 potest
885 589 981 635 nexus
995 591 1117 636 manere
1139 570 1230 652 idem,
1245 570 1306 635 nisi

205 673 291 739 Deua
317 683 349 739 et
370 683 508 740 creatura
530 677 621 742 simul
646 688 807 745 mutentur
827 681 860 744 in
882 680 989 746 eadem
1013 681 1140 762 ratione,
1167 682 1215 748 vel
1237 690 1306 748 tum

205 784 291 849 Deus
308 793 377 850 tum
400 795 540 853 creatura
563 789 626 855 sint
647 791 875 858 immutabiles:
898 815 995 878 quum
1017 816 1087 859 vero
1109 802 1246 859 creatura
1267 792 1306 859 de

204 896 285 961 facto
299 905 447 979 mutetur,
464 922 587 966 necesse
602 911 682 967 esset
697 903 736 968 ad
759 905 937 970 servandam
951 928 1047 971 nexus
1062 905 1254 971 identitatem
1269 909 1307 971 ut

203 1007 290 1072 Deus
316 1031 439 1094 qnoque
463 1013 732 1097 proportionaliter
755 1024 936 1082 mutaretur.
980 1017 1063 1103 Ergo
1086 1018 1192 1083 nullus
1215 1019 1306 1084 datur

205 1139 300 1183 nexus
320 1120 507 1185 necessarius
522 1122 582 1187 Dei
601 1144 671 1189 cum
690 1123 792 1211 aliquo
814 1135 899 1192 extra
912 1127 1025 1193 Deum.
1070 1128 1180 1213 Itaque
1194 1127 1233 1193 ad
1255 1151 1305 1194 ex-

202 1228 376 1314 plicandam
400 1232 606 1297 causalitatem
633 1233 694 1298 Dei
716 1234 756 1301 ad
782 1244 875 1316 extra,
898 1236 1084 1302 attendenda
1108 1246 1155 1303 est
1178 1238 1306 1304 actualis

202 1343 378 1407 terminatio
407 1342 518 1409 divinae
543 1344 710 1411 voluntatis
738 1347 778 1411 ad
806 1357 900 1428 extra,
927 1349 959 1413 in
989 1358 1139 1435 quantum
1170 1350 1244 1415 dicit
1273 1359 1306 1415 et

191 1435 379 1520 'volitionem
394 1456 517 1521 creandi
531 1457 656 1543 aliquid,
667 1467 697 1524 et
712 1460 811 1545 ipsam
826 1462 1019 1551 creationem,
1029 1486 1097 1548 quae
1112 1471 1186 1528 sunt
1200 1485 1304 1528 causa·

200 1567 271 1632 litas
285 1567 386 1633 finalis
401 1576 432 1633 et
443 1569 581 1634 effectiva
595 1591 698 1635 rerum
713 1580 903 1637 creatarum:
927 1573 1186 1640 considerabimus
1201 1583 1304 1639 autem

201 1677 252 1742 hic
273 1687 375 1743 actum
390 1669 564 1744 ¹crestivum
586 1681 687 1765 primo
709 1682 880 1748 secundum
898 1706 989 1748 suum
1011 1706 1077 1749 esse
1096 1685 1251 1751 materiale
1272 1695 1303 1750 et

199 1788 346 1856 formale:
371 1791 506 1856 secundo
526 1801 620 1878 prout
641 1794 785 1860 convenit
799 1795 867 1859 Deo
886 1818 905 1860 a
926 1818 988 1882 quo
1010 1805 1076 1863 est:
1099 1797 1191 1862 tertio
1212 1809 1323 1894 prout⁴

199 1911 270 1967 actu
285 1903 317 1966 in
332 1911 472 1969 ereatura
486 1904 642 1989 recipitur.

583 2175 770 2222 sarmentus
786 2177 923 2222 Parmos.

492 2325 541 2388 De
554 2332 623 2388 octa
637 2325 764 2388 creutioo
779 2325 811 2387 ia
824 2345 856 2388 ae
869 2331 1009 2408 spectato.

242 2462 294 2525 59.
317 2461 415 2526 Actus
440 2459 591 2524 creativus
620 2459 830 2544 praesupponit
859 2459 970 2524 realem
1000 2460 1191 2525 existentiam
1222 2463 1302 2526 entis

198 2572 334 2658 undique
356 2573 471 2636 infiniti
497 2581 528 2636 et
554 2572 785 2657 omnipotentis,
811 2572 954 2637 habentis
979 2573 1167 2658 adaequatam
1196 2577 1301 2660 cogni-

197 2683 314 2749 tionem
336 2685 475 2748 omnium
498 2683 705 2748 imitationum
723 2682 916 2768 possibilium
939 2707 1001 2749 suae
1021 2684 1167 2749 realitatis
1185 2694 1215 2750 et
1232 2686 1300 2751 infi-

197 2794 293 2860 nitam
319 2795 572 2880 complacentiam
602 2793 640 2859 de
670 2817 725 2858 aua
751 2794 888 2858 bonitate
912 2796 1142 2880 aequivalentem
1171 2797 1301 2863 infinitis

197 2905 426 2992 complacentiis
455 2905 687 2991 adaequantibus
716 2905 884 2970 bonitatam
916 2907 1106 2990 singularum
1136 2910 1300 2974 entitatum

197 3041 252 3104 per
271 3041 347 3104 quas
369 3019 482 3083 entitas
498 3017 620 3081 infinita
636 3025 684 3080 est
701 3016 821 3080 realiter
836 3016 1003 3096 imitabilis,
1021 3027 1056 3082 ut
1074 3041 1167 3103 supra
1183 3021 1226 3102 (n.
1244 3025 1298 3106 54)

197 3130 313 3195 dictum
336 3140 392 3194 ert.
439 3129 500 3193 Sed
522 3129 571 3192 his
591 3127 735 3192 omnibus
757 3127 875 3212 positis,
897 3128 923 3192 si
945 3128 1024 3193 nihil
1049 3129 1133 3195 aliud
1159 3131 1299 3213 addatur,

196 3243 335 3307 nondum
352 3241 523 3326 concipitur
537 3249 623 3304 actus
641 3239 800 3318 creativus,
817 3240 869 3303 sed
885 3248 1006 3304 tantum
1022 3241 1088 3305 eius
1102 3243 1298 3327 possibilitas,

196 3353 243 3418 vel
258 3354 360 3438 potius
383 3352 553 3436 concipitur
575 3359 661 3416 aetus
675 3351 824 3415 creativus
840 3351 897 3415 sub
916 3352 1090 3417 conditione
1105 3354 1246 3435 existens,
1263 3367 1298 3421 ut

196 3487 278 3529 nunc
293 3463 524 3528 declarabimus.

239 3577 294 3642 60.
318 3574 464 3641 Gonditio
479 3573 536 3640 sub
551 3595 622 3658 qua,
637 3572 746 3658 positis
766 3573 959 3657 supradictis,
975 3583 1060 3640 actus
1075 3578 1222 3642 creativus
1237 3581 1299 3643 exi-

197 3689 334 3769 stit-non
348 3696 395 3752 est
410 3686 526 3773 aliquid
537 3684 605 3749 Deo
620 3684 777 3769 adaequate
791 3685 1009 3750 intrinsecum:
1029 3709 1083 3751 seu
1097 3689 1205 3772 nequit
1220 3688 1297 3756 dici:

196 3803 351 3866 Emi-steret
372 3808 455 3864 natan
476 3799 630 3876 creatione,
645 3798 672 3861 si
689 3797 827 3860 aciatmt
845 3798 878 3860 ia
894 3797 961 3860 Deo
982 3799 1153 3882 simpliciter
1169 3801 1239 3865 tales
1255 3803 1302 3866 vel

198 3913 267 3979 tulis
281 3914 439 3976 intrinseco
456 3909 666 3973 determinatio.
711 3907 794 3971 Nam
812 3906 961 3992 quidquid
976 3908 1070 3973 estin
1089 3908 1157 3994 ipso
1171 3909 1238 3974 Deo
1253 3921 1299 3976 est

197 4023 400 4090 necessarium
417 4029 450 4086 et
471 4018 664 4084 immutabile
674 4043 684 4096 3
708 4018 733 4081 si
751 4040 825 4102 ergo
845 4018 981 4083 conditio
995 4018 1059 4084 brec
1082 4029 1161 4084 esset
1183 4022 1298 4107 aliquid

196 4136 354 4220 mannate
377 4132 576 4197 intrinsecum
592 4128 669 4209 Deo,
684 4137 764 4196 esset
779 4138 810 4194 et
832 4129 898 4214 ipsa
913 4130 1081 4195 necessaria
1101 4140 1133 4195 et
1155 4131 1299 4198 immuta-

196 4247 286 4326 bilis3
309 4267 403 4331 quare
422 4244 515 4308 etiam
533 4250 619 4307 actus
633 4241 783 4306 creativus
805 4250 884 4307 esset
904 4242 1091 4307 necessarius
1102 4256 1135 4308 et
1156 4244 1299 4310 immuta-

196 4358 285 4424 bilis:
308 4365 339 4421 et
355 4356 398 4421 sic
412 4377 476 4420 non
491 4352 589 4419 solum
602 4352 812 4418 destrueretur
825 4350 951 4416 libertas
966 4350 1035 4431 Dei,
1044 4361 1075 4417 et
1090 4355 1300 4440 contingentia

241 4490 313 4533 VOL.
331 4487 385 4532 111.
1106 4483 1126 4528 Ε
