3240 4986
271 335 335 399 144
578 357 622 404 nn
637 357 780 404 corrosa
796 359 855 403 nar
872 358 910 403 rn
927 358 1056 404 nonno.
1245 337 1329 422 [cnr.
1345 357 1371 401 1.

315 521 385 588 Hoc
399 522 501 609 ipsum
516 524 654 612 exemplo
664 525 762 611 magis
777 524 923 591 declarari
937 533 1047 613 potest.
1093 525 1127 590 Si
1141 525 1228 590 Deus
1242 532 1372 591 creasset

269 634 396 700 unicum
411 635 544 701 materiae
558 635 744 702 elementum
759 645 789 702 et
804 637 882 701 nihil
898 636 991 716 alind,
1006 637 1040 701 in
1054 635 1109 702 tali
1122 636 1272 702 elemento
1286 635 1373 701 nulla

270 745 379 812 luisset
393 745 514 812 duratio
529 747 706 826 successiva,
721 748 912 836 quianullus
926 748 1036 812 fausset
1058 757 1170 813 motus.
1215 746 1373 824 Quaeritur

270 866 373 923 antem
388 859 542 944 quomodo
562 881 721 947 possemus
736 868 812 926 tnnc
833 859 967 946 cogitare
983 859 1021 925 de
1038 859 1122 925 illins
1136 861 1279 926 elementi
1300 882 1373 925 con·

270 967 462 1036 servatione?
506 970 713 1036 Ilvanescente
733 979 830 1052 motu,
846 971 930 1056 quod
951 970 1130 1056 quantificat
1147 971 1373 1057 quodammodo

271 1081 473 1162 durationem,
482 1090 519 1147 ut
533 1082 606 1148 alibi
621 1082 739 1149 dictum
752 1091 810 1164 est,
821 1081 942 1148 duratio
956 1081 1037 1147 entis
1052 1082 1219 1149 conservati
1233 1083 1373 1168 perderet

270 1214 393 1257 omnem
408 1193 555 1259 rationem
572 1193 753 1280 quantitatis
773 1194 936 1276 continnae,
951 1202 982 1259 et
996 1192 1192 1260 reduceretur
1208 1194 1248 1259 ad
1261 1195 1372 1280 simpli-

270 1307 343 1379 citer
356 1327 427 1371 esse.
472 1305 556 1388 Ergo
576 1304 762 1370 elementum
776 1304 854 1370 illud
868 1327 930 1370 non
951 1313 1056 1391 posset
1070 1306 1188 1393 concipi
1203 1309 1373 1372 continuae

271 1439 326 1482 seu
350 1439 539 1503 perseverare
559 1414 593 1481 in
619 1439 694 1497 csse,
709 1425 740 1482 et
764 1417 842 1482 actio
865 1417 931 1482 eius
955 1418 1161 1484 conservativa
1186 1441 1249 1483 non
1270 1429 1374 1504 posset

270 1529 389 1615 concipi
406 1529 466 1595 nisi
487 1537 523 1594 ut
545 1528 623 1594 actio
645 1529 719 1594 daras
737 1552 808 1595 cccc.
854 1529 915 1594 Sed
938 1529 964 1594 si
986 1538 1104 1595 creetur
1124 1530 1293 1596 secundum
1313 1530 1372 1595 ele-

271 1649 421 1722 mentum,
435 1652 467 1706 et
482 1648 685 1727 consequatur
699 1650 809 1707 mutua
822 1641 911 1720 actio,
927 1641 1038 1728 passio,
1050 1651 1154 1708 motus
1167 1641 1281 1722 localis,
1296 1642 1375 1707 illud

272 1753 375 1838 ipsum
396 1775 462 1817 esse
484 1751 672 1832 substantia,
695 1752 779 1838 qnod
794 1752 964 1818 secundum
982 1775 1015 1818 sc
1037 1776 1101 1818 non
1122 1754 1300 1819 extenditur
1320 1777 1374 1840 per

271 1865 474 1946 durationem,
489 1863 669 1929 extendetur
687 1863 855 1929 secundum
877 1863 963 1948 prius
984 1871 1016 1928 et
1037 1864 1188 1950 posterius
1206 1865 1373 1945 actionum,

269 1976 444 2063 passionum
461 1984 492 2041 et
507 1985 665 2041 motuum:
688 1983 720 2040 et
733 1984 809 2040 tunc
823 1974 1006 2040 habebimus
1020 1975 1257 2041 fundamentum
1273 1977 1373 2042 conci·

270 2088 376 2174 piendi
391 2087 582 2153 durationem
598 2087 807 2166 successivam,
819 2108 911 2172 quam
926 2108 991 2151 non
1005 2094 1180 2172 poteramus
1194 2087 1330 2152 invenire
1340 2089 1374 2152 in

271 2199 444 2264 substantia
460 2208 496 2263 ut
511 2198 572 2264 sic:
595 2207 626 2263 et
640 2198 699 2264 hoc
717 2198 820 2285 ipsum
839 2199 898 2263 erit
912 2198 1149 2263 fundamentum
1169 2197 1375 2265 distinctionis

270 2311 487 2376 intercedentis
501 2309 582 2375 inter
600 2312 730 2395 acccpcrc
745 2332 805 2403 cecc
820 2317 851 2373 et
866 2311 1031 2374 mercenari
1037 2334 1048 2389 ;
1071 2309 1277 2394 concipiemus
1291 2311 1374 2376 enim

271 2423 443 2489 conservari
456 2429 612 2507 tamqnam
633 2421 766 2508 accipere
779 2444 846 2486 ease
860 2428 896 2486 nt
918 2420 1105 2507 respondens
1120 2422 1178 2486 toti
1193 2423 1375 2488 successioni

272 2543 415 2600 motuum
430 2532 567 2598 ciusdem
582 2532 774 2598 substantiae.

315 2645 426 2731 Itaque
448 2644 635 2710 conservatio
658 2665 695 2708 ex
717 2651 804 2730 parte
822 2642 884 2707 Dei
907 2641 1026 2708 definiri
1048 2651 1149 2728 potest
1171 2653 1253 2710 octus
1275 2648 1375 2710 termi-

270 2764 359 2822 natce
372 2756 414 2820 ad
425 2777 486 2820 esse
506 2755 698 2820 cortamina
717 2763 858 2820 crectnroe
871 2762 907 2818 at
923 2754 1148 2820 accidentalitas
1164 2757 1375 2820 mutationibus

271 2868 426 2933 actualiter
444 2868 588 2932 andicctoe.
631 2865 673 2931 lte
687 2865 864 2945 formalitas,
881 2865 938 2930 snb
960 2887 1021 2950 que
1041 2865 1229 2931 conservatio
1252 2889 1271 2930 a
1291 2889 1372 2931 crea-

272 2980 356 3044 tione
376 2976 587 3062 distinguntur,
611 2977 751 3043 consistit
772 2977 806 3042 in
834 2976 893 3042 hoc
916 2974 1027 3056 solum,
1053 2976 1137 3064 quod
1164 2976 1199 3042 in
1224 2977 1376 3068 creatione

272 3095 411 3154 creatura
432 3085 641 3152 consideratur
660 3087 761 3172 quoad
783 3108 875 3150 sunm
898 3107 964 3150 esse
984 3085 1184 3152 substantiale
1203 3095 1239 3152 at
1259 3090 1320 3153 sic:
1342 3089 1376 3152 in

273 3198 500 3266 conservatione
514 3220 584 3264 vero
598 3198 807 3264 consideratur
821 3198 923 3284 quoad
943 3220 1035 3262 annm
1049 3220 1115 3263 esse
1130 3198 1328 3268 substantiale
1342 3209 1377 3266 nt

273 3322 341 3380 actu
355 3314 544 3398 compositam
558 3336 623 3379 cam
637 3322 716 3379 crota
732 3313 914 3392 accidentali,
930 3335 966 3377 ex
986 3335 1047 3398 quo
1062 3313 1230 3378 aestimatur
1245 3313 1376 3382 duratio.

273 3425 348 3490 Hmc
360 3433 463 3489 autem
477 3423 645 3489 lormalitas
660 3432 706 3488 est
717 3423 884 3488 extrinseca
899 3422 1001 3488 divino
1017 3420 1327 3504 actni'conservativo,
1343 3435 1376 3491 et

271 3557 335 3600 non
349 3535 422 3600 facit
439 3534 528 3599 illum
543 3535 663 3600 differre
678 3535 715 3600 ab
731 3544 801 3600 actu
823 3535 952 3600 creativo
968 3533 1028 3598 nisi
1043 3535 1212 3599 secundum
1226 3546 1386 3603 connata:

272 3647 389 3712 tionem
409 3645 619 3728 extrinsecam,
634 3653 666 3710 et
683 3645 807 3731 quidem
826 3645 860 3710 in
879 3644 1004 3732 obliquo
1024 3653 1146 3711 tantum
1156 3672 1167 3726 ς
1190 3647 1273 3731 quod
1293 3648 1377 3712 enim

274 3782 329 3844 per
352 3757 436 3823 hunc
458 3765 562 3822 actum
587 3765 783 3822 conservatur
808 3779 871 3821 non
893 3764 941 3821 est
962 3766 1065 3822 motus
1088 3757 1282 3823 accidentalis
1305 3759 1377 3826 sob-

273 3871 394 3936 stantiae
420 3880 537 3949 creatae,
557 3867 611 3934 sed
635 3869 702 3956 ipsa
725 3868 897 3944 substantia
918 3868 951 3933 in
972 3877 1061 3934 motu
1082 3869 1224 3950 existens,
1240 3894 1309 3958 quae
1330 3882 1377 3938 est

272 3983 366 4048 etiam
381 3982 531 4047 terminus
551 3989 637 4045 actus
659 3980 791 4046 creativi.
837 3981 921 4045 Hinc
940 3987 1026 4065 patet
1048 3981 1139 4046 etiam
1156 3982 1231 4068 quid
1245 3983 1285 4049 sit
1304 4006 1376 4047 con-

274 4094 402 4173 servatio
416 4092 535 4180 passiva
550 4091 583 4156 in
597 4092 663 4179 ipsa
684 4101 833 4156 creatura.
878 4092 1059 4157 conservari
1073 4093 1155 4158 enim
1173 4103 1220 4158 cst
1235 4117 1300 4159 esse
1314 4103 1375 4160 ter-

182 4211 185 4218 ‘
272 4206 392 4271 minum
407 4213 493 4270 ectus
508 4202 632 4270 creativi
647 4203 771 4269 unicum
787 4204 820 4268 in
835 4205 951 4269 ratione
969 4204 1159 4285 substantive,
1174 4205 1374 4290 multiplicem

272 4318 387 4384 ratione
398 4315 598 4382 accidentium
611 4339 644 4381 se
655 4315 1012 4398 mutuncxcludentinm,
1023 4324 1054 4382 et
1069 4317 1137 4383 ideo
1152 4318 1373 4386 successionem
