3212 4986
220 368 288 412 cur.
306 349 359 435 rr]
700 375 742 418 os
759 375 834 418 oso.
1280 355 1322 414 45

222 534 379 604 terminari
400 543 521 620 potest:
545 544 575 601 et
598 537 642 600 sic
661 557 767 602 omnes
786 535 910 601 termini
929 537 1085 604 intr-irascar
1098 534 1257 622 possibiles
1275 537 1324 621 (de

222 645 334 731 quibus
353 669 444 732 supra
464 671 496 712 n.
516 649 571 732 46)
594 648 626 713 id
646 656 693 713 est
712 671 815 712 rerum
836 647 974 713 essentiae
996 649 1182 735 cogitabiles,
1200 659 1236 713 ut
1253 657 1324 713 actu

223 756 355 847 subsunt
379 757 488 823 diviuae
511 759 627 839 virtuti,
653 759 817 844 acquirunt
842 760 1017 844 practicam,
1049 783 1112 841 seu,
1142 768 1178 825 ut
1208 759 1324 840 dicunt,

223 871 415 934 eatrincecum
429 870 672 955 possibilitatem.

267 986 320 1047 55.
345 981 478 1048 Scientia
499 985 665 1050 extrinsece
688 1008 741 1050 seu
763 985 894 1070 practice
916 985 1107 1070 possibilium
1129 995 1175 1051 est
1199 986 1326 1050 scientia

225 1094 392 1179 praelucena
407 1095 517 1161 divine
531 1096 665 1161 libertati
680 1097 713 1160 in
728 1098 792 1161 suia
807 1097 1034 1182 operationibus
1052 1097 1091 1162 ad
1108 1106 1201 1177 extra,
1217 1106 1247 1161 et
1266 1097 1326 1162 dici

224 1213 328 1288 posset
341 1209 497 1289 practico:
521 1206 575 1271 sed
593 1207 795 1271 communiter
813 1208 1013 1272 confunditur
1027 1231 1096 1273 cum
1113 1208 1237 1272 scientia
1253 1209 1325 1272 sim·

224 1315 311 1402 plicis
327 1316 546 1402 intelligentiae,
562 1326 593 1382 et
608 1340 671 1382 uno
687 1319 810 1383 nomine
826 1328 955 1404 utraque
971 1318 1065 1384 simul
1079 1319 1192 1385 dicitur
1204 1321 1326 1384 edentia

219 1428 414 1511 possibilium.
461 1430 533 1493 Non
556 1438 660 1493 tamen
682 1429 833 1494 inutiliter
855 1429 1005 1515 distingui
1026 1439 1157 1515 possunt
1167 1455 1177 1508 3
1201 1430 1326 1495 scientia

227 1539 308 1602 enim
324 1523 697 1625 simplicis'intellig'entiae
712 1542 837 1626 attingit
857 1542 1014 1626 possibilia
1034 1551 1070 1606 ut
1092 1552 1165 1606 suut
1187 1541 1326 1627 quaedam

224 1674 293 1715 unu
322 1653 514 1738 speculative,
541 1654 666 1718 scientia
691 1677 761 1718 vero
786 1654 952 1719 extrinsece
981 1653 1172 1739 possibilium
1201 1653 1327 1740 attingit

226 1764 331 1840 eadem
353 1773 390 1828 ut
413 1774 485 1830 sunt
508 1765 645 1851 quaedam
653 1766 825 1851 suadibilius:
848 1763 1180 1850 quam'distiuctiouem
1199 1765 1231 1830 S.
1246 1765 1328 1830 'lho-

226 1895 291 1939 mas
306 1876 474 1941 virtualiter
489 1878 601 1954 innuit,
612 1876 686 1941 dum
702 1876 789 1961 ponit
805 1875 962 1941 scientiam
971 1876 1032 1941 Dei
1047 1899 1139 1940 unam
1155 1899 1221 1942 esse
1236 1874 1328 1940 simul

226 1987 441 2072 speculativam
455 2011 490 2053 ac
505 1989 679 2073 practicam,
695 1989 752 2053 sub
768 1987 886 2069 diverso
901 1989 1015 2053 scilicet
1031 1997 1181 2075 respectu.

271 2102 324 2164 56.
348 2101 454 2177 Quum
475 2101 557 2165 inter
578 2100 733 2186 possibilia
750 2123 814 2165 nou
833 2101 895 2165 sint
910 2101 950 2165 eu¹
960 2101 1069 2181 solum,
1086 2123 1155 2186 quae
1169 2100 1255 2164 Deus
1270 2099 1328 2163 im-

227 2210 358 2276 mediate
384 2235 438 2298 per
462 2212 645 2278 creationem
671 2212 837 2298 producere
863 2221 974 2298 potest,
999 2212 1052 2277 sed
1077 2212 1169 2277 etiam
1195 2211 1329 2276 actiones

227 2333 443 2404 creaturarum,
459 2348 527 2411 quae
541 2325 579 2390 ab
594 2325 668 2411 ipsis
684 2325 838 2405 creaturis,
852 2324 921 2389 Deo
936 2332 1144 2402 concurrente,
1160 2331 1328 2409 ponuntur,

227 2451 393 2522 quumque,
424 2437 463 2502 ob
492 2435 724 2523 possibilitatem
754 2445 899 2502 creaturae
928 2437 1040 2517 liberm,
1072 2434 1230 2522 possibiles
1267 2435 1329 2500 siut

228 2549 361 2622 actiones
381 2572 399 2613 a
414 2548 570 2614 voluntate
589 2546 683 2614 libere
700 2549 910 2635 procedentes,
925 2549 997 2615 hinc
1021 2549 1146 2614 scientia
1165 2548 1330 2614 extrinsece

229 2660 429 2745 possibilium,
444 2661 477 2724 in
492 2668 642 2746 quantum
658 2659 793 2724 extendit
809 2682 841 2724 se
856 2658 895 2725 ad
910 2659 1149 2724 conditionatum
1171 2657 1328 2722 futuritio-

229 2794 300 2836 uem
330 2771 532 2853 quorumdam
562 2780 698 2851 actuum,
727 2771 858 2836 includit
892 2771 1049 2836 scientiam
1087 2769 1227 2834 omnium
1263 2790 1331 2853 quae

231 2995 455 3060 conditionibus
464 2995 670 3081 possibilibus,
681 2995 715 3059 id
729 3003 785 3075 est,
801 2994 877 3081 quid
890 2994 1009 3059 factura
1024 3001 1113 3073 esset,
1127 2994 1153 3057 si
1163 2992 1249 3058 Deus
1264 3014 1331 3056 eam

230 3106 263 3170 iu
286 3107 399 3171 talibus
420 3105 572 3172 adiunctis
593 3115 729 3191 poneret.
776 3104 880 3182 Quum
896 3127 967 3169 vero
982 3105 1090 3190 positis
1105 3104 1165 3169 illis
1180 3102 1332 3168 adiunctis

232 3240 295 3282 non
308 3217 417 3282 debeat
432 3218 500 3283 tolli
517 3216 651 3299 libertas,
667 3225 752 3303 patet
774 3240 809 3281 ea
831 3217 975 3283 adiuncta
996 3239 1059 3280 nou
1082 3239 1148 3280 esse
1169 3215 1333 3279 intrinsece

232 3351 367 3394 connexa
391 3352 462 3394 cum
486 3338 557 3394 actu
582 3329 625 3393 ita
650 3338 696 3408 ut,
720 3329 826 3414 positis
849 3329 919 3408 illis,
942 3331 972 3392 oi
995 3330 1111 3394 illoram
1135 3335 1220 3393 actus
1247 3319 1333 3412 sequi

233 3440 360 3506 debeat:
383 3449 414 3504 et
437 3441 479 3505 sic
501 3462 565 3504 nou
586 3447 687 3524 potest
701 3439 787 3504 Deus
809 3439 842 3502 in
864 3439 913 3503 his
935 3439 1097 3520 adiunctis,
1114 3447 1149 3504 ut
1171 3439 1202 3503 in
1221 3437 1332 3517 medio,

232 3552 345 3618 intueri
367 3566 469 3617 actum
491 3551 621 3618 liberum
644 3560 679 3616 ut
700 3552 841 3616 futurum
863 3552 1081 3636 potiusquam
1097 3547 1157 3615 non
1173 3552 1332 3615 futurum:

234 3663 297 3744 sed,
313 3664 386 3750 quia
399 3672 485 3728 actus
499 3663 576 3728 liber
590 3671 636 3728 est
652 3663 850 3728 determinate
866 3663 912 3727 vel
926 3684 989 3727 uon
1007 3672 1054 3728 est
1068 3663 1098 3728 vi
1115 3662 1211 3748 ipsius
1226 3662 1333 3725 volun-

233 3776 316 3855 tatis,
341 3776 376 3840 in
400 3775 467 3860 ipsa
492 3774 649 3839 voluntate
674 3774 769 3839 libera
795 3784 938 3839 creaturae
963 3774 1116 3860 possibilia
1139 3781 1261 3837 tantum
1284 3795 1336 3837 co-

235 3887 412 3972 gnoscibilis
432 3895 489 3952 est.
533 3886 684 3951 Voluntas
701 3885 805 3950 autem
826 3885 920 3951 libera
938 3895 1013 3950 tunc
1028 3893 1150 3949 tantum
1165 3883 1287 3948 exhibet
1300 3884 1334 3948 iu

235 4021 266 4086 se
281 3996 465 4063 intuendum
481 3997 612 4082 aliquem
628 4004 741 4077 actum,
756 4019 853 4082 quum
868 3997 1076 4062 consideratur
1097 4004 1132 4060 ut
1150 3995 1281 4062 existens
1301 3995 1334 4060 iu

233 4089 286 4176 illo
301 4119 382 4190 actu,
399 4132 452 4174 seu
466 4132 562 4194 quum
578 4109 699 4174 exhibet
714 4109 830 4174 videnti
852 4109 931 4174 illud
951 4109 1052 4194 ipsum
1073 4107 1156 4194 quod
1177 4108 1334 4183 sciendum

236 4231 291 4287 est.
335 4223 377 4286 Et
392 4231 612 4307 consequenter
626 4222 711 4286 Deus
727 4221 809 4287 videt
824 4229 909 4286 actua
924 4221 1036 4286 liberos
1050 4221 1082 4284 in
1099 4215 1165 4306 ipsa
1179 4221 1336 4286 voluntate

235 4343 271 4398 ut
291 4335 351 4399 iam
373 4344 491 4419 agente.
539 4318 599 4400 Sic
611 4342 681 4399 anta
702 4336 884 4400 creationem
904 4334 962 4398 fuit
983 4334 1135 4418 possibilis
1157 4334 1222 4398 haec
1242 4333 1336 4397 inter·
