3222 4984
244 377 316 425 car.
331 359 371 444 1.]
499 394 502 400 ·
679 381 723 426 nn
740 380 909 426 rurmmo.
1260 359 1264 368 '
1286 361 1351 426 207

245 545 341 609 solam
362 543 598 630 longitudinem,
614 569 684 633 quae
708 555 813 612 manet
828 547 934 613 eadem
949 547 1042 612 etiam
1064 547 1189 634 quando
1210 555 1351 614 mutatur

243 655 385 736 latitudo,
401 679 455 721 seu
470 656 615 721 distantia
629 681 658 723 a.
703 658 775 723 Erit
785 681 859 743 ergo
874 659 971 724 maior
985 659 1159 744 superficies
1181 658 1215 724 in
1233 660 1350 726 ratione

246 766 424 854 superficiei,
437 767 490 832 sed
500 790 564 833 non
579 768 636 833 erit
652 769 749 834 maior
764 771 831 834 eins
846 769 1024 836 infinitudo.

287 879 335 944 Ex
348 879 398 944 his
411 887 506 965 patet,
521 880 641 945 infinita
655 880 823 946 formaliter
837 882 953 947 mutari
975 903 1039 946 non
1057 904 1158 967 posse,
1172 881 1233 948 nisi
1247 890 1349 948 trans·

244 998 316 1056 eant
332 990 372 1056 de
390 1014 454 1057 una
471 992 570 1077 specie
586 993 700 1057 infiniti
714 993 754 1058 ad
768 993 858 1058 aliam
874 993 1045 1060 amittendo
1062 1017 1177 1060 novum
1190 994 1344 1074 limitem3

244 1126 333 1188 posse
361 1113 466 1168 tamen
490 1104 685 1170 materialiter
710 1105 816 1190 angeri
839 1127 894 1190 per
919 1106 1108 1172 additionem
1130 1107 1254 1189 infiniti,
1269 1107 1346 1193 quin

246 1226 367 1282 mutent
382 1217 523 1302 speciem.

284 1331 387 1401 ,Dices
433 1328 466 1392 Si
481 1327 556 1413 quid
570 1327 687 1413 concipi
701 1336 804 1413 potest
818 1328 917 1394 maius
931 1328 1066 1411 infinito,
1082 1330 1271 1417 concipietur
1279 1340 1349 1396 tan·

243 1462 337 1525 quam
351 1441 497 1505 excedens
511 1439 687 1505 infinitum:
710 1439 796 1525 atqui
810 1439 869 1506 hoc
882 1441 992 1526 nequit
1011 1463 1078 1516 esse
1086 1467 1096 1522 ;
1119 1464 1192 1507 nam
1207 1465 1347 1508 excessua

244 1551 337 1615 unius
362 1550 451 1615 debet
478 1550 611 1635 incipere
634 1573 652 1615 a
676 1550 738 1615 fine
757 1551 901 1617 alterius:
925 1551 978 1618 sed
994 1553 1151 1620 infinitum
1173 1555 1346 1620 nonhabet

246 1661 358 1741 finem;
379 1683 463 1745 ergo.

285 1773 466 1859 Respondeo
480 1774 549 1838 dist.
565 1773 615 1837 M.
630 1781 666 1838 ut
675 1772 822 1838 excedens
834 1773 1067 1840 contradictorie
1077 1776 1238 1842 infinitum
1253 1800 1279 1843 c.
1294 1778 1345 1841 M.

244 1883 393 1949 contrarie
411 1883 569 1948 infinitum
584 1907 613 1948 a.
630 1886 680 1948 M.
703 1893 734 1949 et
752 1886 885 1951 eoabad
901 1888 971 1950 min.
993 1910 1025 1951 a.
1048 1909 1126 1952 coru.
1171 1887 1223 1951 Ad
1235 1887 1347 1972 proba-

243 1995 359 2060 tionem
369 2019 393 2060 ο.
403 1997 454 2062 M.
469 1997 539 2061 dist.
554 1998 623 2060 mia.
639 1995 794 2060 infinitum
810 1997 959 2061 contrarie
974 2021 999 2063 c.
1014 2000 1085 2063 mia.
1101 1999 1257 2064 infinitum
1273 2021 1347 2064 con·

243 2104 417 2172 tradictorie
425 2109 507 2172 subd.
518 2129 583 2172 non
594 2107 687 2172 habet
696 2108 789 2173 finem
799 2130 835 2172 ex
846 2131 907 2193 qua
918 2118 1004 2194 parte
1013 2117 1059 2174 est
1069 2109 1227 2175 infinitum
1237 2134 1263 2175 c.
1276 2113 1346 2175 min.

245 2239 282 2283 ex
296 2218 355 2283 alia
368 2226 455 2302 parte
468 2209 499 2283 ia.
509 2221 579 2283 min.
592 2227 622 2283 et
631 2241 707 2283 corsa

288 2332 340 2395 16.
364 2329 519 2407 Quaeritur
534 2330 661 2411 decimo,
675 2339 775 2396 utrum
789 2331 937 2416 infinitum
951 2333 992 2397 sit
1007 2333 1040 2396 id
1053 2334 1135 2397 caius
1145 2333 1261 2416 aliquid
1271 2355 1345 2397 sem-

238 2451 351 2527 perest
364 2451 460 2507 entra.

287 2554 479 2639 Respondeo‚
493 2553 573 2618 hanc
587 2553 761 2618 Aristotelis
776 2552 984 2618 definitionem
1002 2553 1115 2619 bonam
1130 2554 1254 2639 quidem
1269 2577 1346 2634 esse,

244 2666 271 2730 si
292 2665 412 2731 definiri
437 2665 545 2730 debeat
568 2665 725 2729 infinitum
748 2687 785 2728 eo
809 2665 901 2728 modo
931 2686 994 2751 quo
1013 2665 1254 2750 apprehenditur
1276 2688 1346 2731 cum

243 2777 456 2864 phantasmate
470 2775 509 2840 ab
527 2775 687 2842 intellectu
709 2777 808 2856 finito,
833 2775 971 2841 videlicet
991 2774 1017 2840 si
1039 2776 1273 2861 significandum
1296 2779 1347 2858 sit,

245 2890 401 2954 infinitum
426 2911 491 2952 esse
514 2886 674 2967 eiusmodi,
689 2896 725 2952 ut
747 2890 904 2953 meretrice
924 2887 1075 2952 exhauriri
1093 2896 1123 2952 et
1138 2889 1314 2972 pertransiri
1329 2912 1347 2953 a

245 2999 334 3065 nobis
353 3005 495 3084 nequeat,
516 2998 570 3062 sed
581 3021 700 3082 semper
721 3020 878 3084 superesse
892 2998 976 3083 qnod
995 3007 1250 3083 pertranseamus.
1296 2999 1347 3065 Sic

247 3111 337 3176 series
352 3132 559 3190 numerorum,
577 3111 684 3175 sicam
706 3110 874 3175 successive
887 3132 1045 3195 percurras
1066 3110 1207 3176 addendo
1227 3134 1347 3197 semper

244 3223 394 3287 unitatem
410 3222 534 3287 cuilibet
549 3243 678 3286 numero
691 3221 811 3300 ultimo,
827 3243 891 3285 non
913 3221 972 3286 erit
989 3220 1048 3286 tihi
1068 3221 1300 3307 permansibilis,
1315 3231 1347 3286 et

245 3334 442 3419 quantumvis
457 3333 551 3397 addas
566 3332 709 3412 unitates,
726 3355 845 3417 semper
867 3333 924 3396 erit
939 3332 1055 3419 aliquid
1070 3340 1161 3412 extra,
1178 3333 1260 3418 quod
1275 3333 1346 3397 addi

245 3445 342 3531 possit
356 3452 387 3510 et
399 3445 507 3509 debeat
522 3444 587 3509 sine
601 3444 663 3507 fine
677 3442 716 3508 ad
731 3443 930 3524 obtinendam
945 3443 1053 3508 seriem
1065 3443 1230 3508 infinitam.
1276 3443 1346 3508 Hoc

247 3565 350 3621 autem
372 3555 454 3620 idem
480 3565 527 3620 cst
552 3577 586 3620 se
606 3554 715 3632 dicere,
735 3553 818 3639 quod
840 3554 997 3618 inlinitum
1017 3554 1126 3638 nequit
1145 3553 1277 3619 obtineri
1292 3576 1347 3639 per

248 3667 417 3732 additiones
427 3667 584 3732 finitorum
594 3666 793 3731 successivas:
816 3665 900 3750 quod
909 3665 1045 3730 insinuat
1053 3666 1233 3730 Aristoteles
1243 3666 1277 3729 in
1292 3689 1347 3730 sua

249 3777 434 3841 definitione.
465 3775 526 3842 sed
535 3777 606 3862 quia
617 3776 773 3841 infinitum
781 3799 845 3841 non
856 3777 950 3862 exigit
964 3776 1085 3841 definiri
1095 3777 1263 3842 secundum
1275 3798 1346 3861 pro·

249 3911 369 3954 cessum
391 3897 503 3954 nostrae
528 3888 755 3973 imaginationis
781 3888 1002 3953 successionem
1027 3889 1292 3973 apprehendentis,
1315 3898 1346 3954 et

249 3987 347 4065 multo
361 4000 524 4087 perfectius
538 4000 737 4085 concipitura
751 4000 868 4064 ratione
882 4022 937 4085 per
952 3999 1122 4085 simplicem
1131 4001 1237 4065 limitis
1252 4024 1347 4087 nega·

248 4113 373 4192 tionem,
394 4134 488 4198 quam
508 4111 534 4175 si
553 4111 757 4195 imaginemur
779 4111 906 4175 limitem
931 4111 1029 4195 magis
1051 4121 1082 4175 et
1104 4113 1202 4196 magis
1228 4135 1347 4199 semper

247 4225 404 4304 removeri,
419 4223 488 4288 ideo
503 4221 639 4287 definitio
660 4222 713 4286 illa
726 4221 901 4286 Aristotelis
915 4221 962 4287 vel
977 4222 1140 4287 tribuenda
1153 4224 1210 4288 erit
1225 4224 1349 4288 infinito.

248 4335 557 4424 syncategorematico
571 4341 693 4400 tantum
708 4334 751 4416 (in
767 4355 828 4419 quo
843 4332 973 4398 habetur
987 4355 1106 4419 semper
1121 4333 1236 4419 aliquid
1250 4343 1345 4413 extra,
