3186 4982
218 387 288 430 car.
303 367 375 450 am]
586 387 691 432 ranan
707 386 943 432 ouronoomus.
1255 371 1320 433 303

217 548 318 603 duntur
330 549 404 603 enim
415 550 483 604 finos
494 549 613 622 proximi
625 557 656 605 ut
671 551 762 604 media
779 552 814 606 ad
831 551 915 605 finem
930 555 1083 606 remotum:
1111 550 1217 606 sublato
1229 557 1321 607 autem

215 636 267 691 hor
279 635 387 706 ultimo,
400 636 490 691 media
497 636 554 692 iam
564 655 620 691 non
631 637 762 692 haberent
773 639 906 693 rationem
917 639 1076 708 modiorum,
1089 643 1121 691 ut
1131 643 1215 710 patet.

251 722 293 777 71.
314 721 410 777 Solum
422 741 470 778 ons
481 725 612 779 rationale
625 724 737 780 adhibet
749 727 839 780 media
850 727 886 781 ad
897 727 995 795 finem;
1013 725 1078 798 quia
1087 727 1144 781 sola
1150 727 1220 781 ratio
1231 731 1321 799 potest

215 809 370 863 ooordinare
382 827 468 864 unum
480 811 515 864 ad
527 810 609 865 aliud.
646 811 730 866 Entia
741 813 908 868 irrationalia
918 813 1021 868 habent
1031 815 1113 868 finem
1126 813 1177 868 sibi
1189 815 1320 870 naturali-

214 901 257 949 ter
273 895 466 967 praestitutum,
480 913 561 968 quem
582 915 636 951 non
657 897 804 952 intendunt
823 899 973 954 formaliter
991 901 1041 956 sub
1055 899 1165 955 'ratione
1184 901 1254 970 finis,
1273 901 1321 954 sed

216 981 376 1054 simpliciter
389 988 591 1054 consequuntur
602 1002 637 1037 ox
649 985 810 1039 necessitate
822 1003 878 1040 suaa
891 992 1003 1041 naturae.
1039 987 1097 1042 Ens
1108 987 1239 1042 rationale
1251 989 1320 1043 dioi-

216 1071 262 1120 tur
273 1067 413 1122 intendore
429 1069 513 1122 finem
525 1069 651 1138 directim
664 1069 729 1142 quia
743 1071 838 1143 dirigit
854 1072 944 1126 media
955 1074 989 1128 ad
1001 1073 1084 1127 finam
1096 1073 1145 1128 sub
1157 1075 1321 1128 formalitate

215 1153 298 1208 medii
311 1159 339 1208 et
350 1155 428 1209 finis:
447 1155 528 1210 burto
540 1155 668 1210 dicuntur
679 1157 819 1212 intendere
831 1159 914 1213 finem
923 1160 1069 1214 instinctioe
1077 1167 1125 1215 aut
1132 1163 1321 1232 approbandae,

214 1240 279 1312 quia
290 1241 495 1314 apprehendunt
507 1248 536 1298 et
547 1249 679 1316 appetunt
690 1245 792 1299 bonum
809 1246 956 1318 proprium,
970 1248 1036 1302 licet
1047 1267 1102 1302 non
1114 1267 1143 1303 se
1155 1249 1274 1322 dirigant
1285 1250 1321 1304 ad

215 1327 285 1381 illud
297 1328 347 1382 sub
359 1329 462 1384 ratione
473 1328 535 1383 finis
547 1330 696 1402 permedia
707 1331 1161 1403 cognitasubrafionemediorum:
1179 1353 1222 1390 res
1233 1343 1321 1390 mate·

216 1413 295 1468 riales
305 1433 361 1469 non
370 1415 499 1470 dicuntur
509 1417 593 1471 finem
605 1418 743 1488 intendere,
752 1419 800 1473 aed
812 1419 847 1473 ad
858 1419 941 1474 finem
953 1423 1055 1475 taedere
1067 1423 1193 1477 armoire
1203 1429 1319 1478 tantum.

250 1500 293 1555 72.
312 1501 407 1556 Solum
424 1501 526 1557 bonum
543 1503 626 1558 habat
642 1504 776 1559 rationem
792 1505 855 1559 finis
869 1505 983 1575 (bonum
1001 1507 1074 1561 enim
1091 1508 1192 1563 dieitur
1209 1510 1238 1563 id
1254 1511 1323 1580 qaod
1418 1564 1421 1568 ,

217 1588 305 1641 emate
322 1595 453 1659 appetant,
465 1590 569 1644 malum
587 1595 679 1644 autem
691 1591 721 1644 id
736 1593 806 1662 quod
821 1593 909 1646 omnia
927 1593 1091 1664 aversatur)
1104 1599 1133 1648 et
1150 1612 1205 1649 non
1219 1595 1320 1652 bonum

215 1675 364 1746 quodlibet,
383 1677 432 1731 sed
444 1677 678 1750 proportionatum
697 1677 799 1750 agenti,
817 1683 851 1732 ut
867 1679 972 1733 dictum
988 1685 1030 1734 est
1047 1698 1134 1752 supra
1171 1681 1251 1736 Unde
1263 1682 1320 1736 dis·

215 1761 308 1816 tinette
330 1769 394 1818 sunt
412 1763 559 1818 finalitates
576 1764 707 1836 proxima
719 1764 748 1818 in
766 1764 902 1820 distinctis
918 1772 1100 1821 creaturarum
1117 1767 1255 1823 ordinibus
1273 1787 1321 1840 pro

215 1848 351 1904 distinctis
369 1867 461 1904 aarum
477 1850 667 1905 facultatibus:
686 1869 778 1906 omnes
796 1857 888 1906 tamen
906 1858 1034 1908 creaturae
1047 1871 1095 1908 suo
1107 1871 1223 1926 quaeque
1240 1855 1321 1910 modo

215 1935 370 2008 conspirant
388 1938 527 1992 adunam
549 1939 633 1992 finam
657 1939 803 2008 ultimum,
838 1939 911 2011 quia,
935 1957 1020 2012 quum
1043 1948 1166 1996 creatura
1188 1943 1226 1997 sit
1255 1961 1322 2016 opus

214 2021 275 2093 Dei,
296 2028 409 2096 etopus
433 2025 485 2078 Dei
509 2025 658 2080 necessario
683 2027 719 2080 sit
739 2026 921 2098 manifestatio
940 2027 1093 2083 divinarum
1116 2029 1321 2101 perfectionum,

221 2109 309 2164 omnis
328 2115 451 2165 creatura
468 2111 534 2166 huic
556 2112 644 2166 ordini
659 2112 801 2167 finalitatis
822 2112 970 2168 subiicitur.
1008 2114 1128 2186 Insuper,
1141 2132 1225 2186 quum
1246 2116 1321 2170 Deus

214 2196 252 2250 ιιι
271 2197 390 2269 primum
414 2215 496 2270 agens
520 2203 549 2254 et
569 2199 729 2267 universale,
750 2200 808 2254 aius
832 2200 950 2256 intentio
968 2206 1011 2256 est
1029 2202 1116 2274 prima
1137 2203 1259 2257 omnium
1276 2204 1320 2258 ιιι-

213 2283 368 2337 tentionum
384 2285 476 2339 omnia
492 2284 543 2339 sub
561 2303 589 2340 se
607 2287 797 2358 complectens,
810 2292 839 2340 et
853 2293 1047 2360 consequenter
1060 2294 1102 2342 est
1118 2289 1231 2344 ultimus
1249 2290 1320 2360 finis,

170 2359 176 2369 Χ
214 2369 259 2424 cui
282 2371 374 2425 caeteri
395 2389 487 2426 omnes
510 2373 577 2426 fines
601 2372 760 2444 cogitabiles
784 2372 953 2428 subordinari
976 2373 1083 2428 debent.
1130 2375 1198 2441 Quae
1229 2381 1320 2432 autem

212 2463 277 2512 aunt
299 2463 362 2530 apto
383 2458 514 2530 disposita
538 2459 573 2513 ad
596 2459 679 2513 finem
703 2458 761 2514 sive
784 2461 915 2514 ultimum
934 2461 992 2515 sive
1011 2460 1173 2532 proximum,
1193 2462 1321 2518 dicuntur

213 2545 351 2617 adianto:
379 2547 445 2600 ordo
461 2546 534 2600 onim
551 2546 622 2600 nihil
640 2546 716 2601 aliud
732 2551 775 2600 est
791 2546 845 2601 nisi
862 2553 925 2618 apte
936 2565 1026 2601 reram
1038 2549 1168 2618 dimus-itio
1186 2549 1278 2622 (Vm.
1292 2568 1318 2604 n.

213 2633 300 2689 43-45
312 2638 340 2687 et
352 2651 378 2688 n
392 2636 449 2706 55).

247 2720 339 2775 Media
350 2721 453 2776 habent
464 2721 615 2776 bonitatem
627 2738 643 2776 a
655 2737 704 2775 aaa
716 2720 869 2794 aptitudine
879 2721 914 2775 ad
922 2721 1005 2775 finem
1015 2726 1139 2791 tantum;
1158 2722 1270 2778 evidens
1278 2728 1320 2778 est

187 2857 189 2862 ,
212 2807 286 2860 enim
297 2808 371 2878 quod
379 2809 501 2862 medium
512 2825 567 2862 non
580 2809 680 2862 ducena
698 2808 733 2862 ad
743 2809 827 2862 finem
839 2826 894 2862 non
907 2813 949 2864 est
960 2808 1062 2862 bonum
1073 2809 1203 2879 medium,
1212 2810 1320 2864 etiamsi

212 2893 297 2966 possit
309 2893 359 2948 sub
369 2895 422 2948 alia
432 2894 537 2950 ratione
549 2895 635 2967 accipi
646 2900 679 2948 ut
690 2895 794 2966 aliquid
804 2894 927 2949 absolute
938 2894 1048 2948 bonum.
1073 2895 1166 2950 Medio
1176 2897 1321 2969 respondet

212 2981 370 3034 remedium:
390 2986 432 3034 eat
439 2985 530 3036 sutem
538 2983 575 3050 id,
586 2999 639 3054 quo
646 2982 781 3037 tolluntur
789 2983 834 3036 vel
841 2982 988 3037 vincuntur
995 2981 1135 3036 obstacula
1143 2982 1320 3056 impedientia

212 3065 295 3120 finem
309 3067 403 3137 (VIII.
417 3085 443 3121 ιι.
458 3067 515 3139 50).

248 3153 290 3207 73.
309 3152 418 3208 Dicitur
435 3154 622 3225 communiter,
640 3154 714 3226 quod
725 3153 796 3226 fines
814 3159 897 3207 movet
916 3153 951 3207 ad
969 3154 1111 3225 agendum.
1147 3155 1210 3210 Hoc
1224 3173 1319 3210 vorum

211 3242 261 3308 est,
273 3238 296 3292 si
317 3243 405 3310 agitur
415 3239 450 3294 do
470 3240 599 3294 creaturis
611 3239 776 3294 habentibus
787 3239 975 3311 passivitatem
987 3240 1201 3311 cognoscitivam
1213 3247 1241 3295 et
1253 3241 1319 3297 affe·

210 3324 321 3395 otivam,
334 3325 589 3397 etquanrmbonum
602 3331 680 3380 extra
690 3325 762 3397 ipsas
774 3329 816 3379 est
823 3344 831 3394 3
849 3325 894 3379 hae
907 3324 981 3380 enim
991 3331 1131 3398 nequeunt
1142 3327 1206 3381 ferri
1218 3328 1247 3382 in
1256 3346 1319 3400 pro-

211 3411 300 3482 prium
311 3411 413 3466 bonum
424 3412 478 3467 nisi
490 3411 523 3466 ab
535 3413 584 3466 illo
596 3417 756 3466 moveantur
765 3411 913 3465 secundum
926 3412 1044 3484 speciem
1056 3417 1084 3466 ot
1093 3412 1227 3467 affectum.
1265 3413 1320 3470 Sed

211 3496 367 3571 bocestper
375 3499 516 3568 accidens,
528 3497 787 3570 nampropriaratio
795 3497 857 3552 finis
865 3515 921 3551 non
930 3503 972 3552 ost
980 3499 1033 3552 nisi
1044 3504 1076 3552 ut
1087 3499 1251 3554 inundatur:
1270 3518 1319 3573 po-
1385 3571 1388 3578 Ι

211 3589 265 3638 teat
277 3589 369 3639 autom
380 3586 493 3654 intendi,
504 3586 587 3640 etiam
599 3586 707 3657 quando
713 3603 769 3639 non
780 3584 864 3639 habet
873 3585 1006 3639 rationem
1014 3586 1158 3641 moventis.
1189 3587 1235 3642 Sic
1244 3589 1319 3644 Deus

209 3669 328 3724 intendit
338 3671 429 3742 finem,
442 3671 508 3743 quin
519 3677 690 3726 moveatura
706 3671 777 3735 fine3
796 3689 851 3725 non
871 3673 944 3726 onim
961 3672 1068 3744 indiget
1085 3678 1133 3727 aut
1149 3677 1240 3746 potest
1251 3675 1318 3730 reci-

211 3773 275 3827 pere
286 3761 392 3810 motum
405 3775 421 3810 a
433 3757 513 3827 bono,
525 3763 556 3812 ut
573 3759 643 3812 illud
662 3761 806 3828 cognoscat
822 3762 850 3810 et
865 3757 998 3828 intendat,
1011 3776 1098 3830 quum
1114 3759 1173 3832 ipse
1191 3761 1228 3814 sit
1245 3778 1318 3815 sum-

213 3860 289 3896 mum
301 3840 403 3896 bonum
420 3847 449 3898 et
463 3861 542 3897 omne
559 3844 669 3914 bonum,
682 3849 710 3898 et
727 3861 782 3897 non
798 3848 862 3916 agat
880 3845 914 3898 ad
929 3844 1031 3898 bonum
1049 3844 1101 3898 sibi
1117 3847 1319 3918 acquirendum,

212 3928 261 3982 sed
282 3932 359 3981 extra
375 3945 404 3984 se
425 3930 687 3991 communicandum.
723 3930 795 3985 Item
816 3930 976 3985 substantiae
995 3933 1130 3987 natauales
1151 3934 1268 3988 tendunt
1285 3937 1320 3990 ad

213 4013 306 4083 finem,
315 4014 382 4084 quin
392 4019 484 4070 tamen
493 4016 598 4088 proprie
608 4019 768 4071 moveantur
779 4017 875 4072 afine:
893 4034 1057 4090 quamquam
1070 4019 1104 4093 de
1115 4019 1158 4074 his
1167 4020 1222 4075 dici
1234 4023 1320 4094 possit

213 4100 287 4170 qaod
298 4099 327 4153 in
338 4101 398 4173 ipsa
409 4102 543 4156 creatione
560 4101 696 4174 recipiunt
712 4119 790 4156 suam
808 4102 977 4158 tendentiam
995 4122 1011 4158 a
1023 4104 1091 4174 Deo,
1104 4105 1151 4176 qui
1163 4111 1205 4160 eat
1216 4107 1319 4178 primus

213 4191 310 4256 motor,
324 4186 404 4242 sicuti
416 4193 458 4242 est
468 4189 581 4243 ultimus
593 4187 662 4242 finis.
699 4188 738 4243 Et
748 4189 809 4245 haec
821 4189 855 4244 de
867 4191 1035 4262 cauaafiaeb’
1047 4191 1140 4262 (VIII.
1150 4211 1176 4247 n
1190 4194 1247 4266 46).

249 4273 291 4328 74.
311 4273 401 4330 Causa
420 4275 538 4330 efficiens
556 4275 656 4330 dicitur
677 4293 717 4345 ea,
736 4295 793 4347 qaue
807 4295 859 4347 per
876 4295 952 4331 auam
969 4279 1102 4349 tegimen
1120 4281 1234 4334 activum
1247 4282 1320 4354 facit

213 4359 315 4430 aliquid
324 4379 382 4427 esee,
397 4364 467 4433 qaod
472 4362 551 4432 priua
560 4380 612 4418 noea
624 4367 688 4414 erat.
725 4361 824 4431 Quare,
837 4379 922 4432 quum
934 4362 1026 4417 omnia
1037 4381 1098 4434 quae
1110 4363 1181 4419 fiunt
1197 4372 1320 4422 constent
