3240 4986
257 363 327 409 car.
344 345 383 430 1.]
714 367 757 412 nn
775 367 906 414 ununo.
1316 351 1358 414 87

301 533 353 596 18.
378 531 453 596 Haeo
481 531 792 598 transcendentalium
821 533 1073 620 philosophorum
1102 532 1304 599 inverecunda
1329 542 1361 600 ct

257 643 351 727 impia
370 641 476 708 deliria
497 643 556 709 hoe
570 646 637 730 ipso
652 645 735 729 quod
755 645 898 722 humanae
917 646 1028 712 rationi
1049 646 1082 710 in
1096 647 1237 732 plurimis
1258 655 1362 732 aperte

256 754 479 835 contradicunt,
506 756 610 841 paucis
639 757 766 822 omnino
795 758 921 822 refutari
951 766 1086 844 possent.
1132 759 1242 839 Immo,
1263 779 1360 844 quum

257 866 392 931 tamdem
407 866 446 932 ad
468 890 539 932 eum
553 891 749 954 progressum
772 870 943 950 deveniant,
959 881 995 934 ut
1009 871 1163 935 fateantur
1183 893 1215 935 se
1234 870 1303 955 cogi
1323 870 1362 936 sd

259 977 480 1043 admittendam
502 979 694 1045 identitatem
714 980 795 1045 inter
815 1003 870 1046 ens
890 989 920 1046 et
943 981 1085 1062 nihilum,
1104 1002 1144 1047 au
1165 1003 1229 1046 non
1247 981 1362 1068 seipsos

258 1090 417 1155 efficaciter
431 1091 592 1156 refutant?
635 1092 677 1155 lit
693 1115 789 1177 quum
809 1093 897 1159 aiunt
910 1094 1014 1158 Deum
1028 1116 1094 1159 esse
1106 1097 1140 1159 io
1147 1095 1228 1180 fieri,
1244 1118 1284 1160 an
1298 1117 1362 1160 non

259 1225 291 1266 se
305 1202 429 1268 insanos
453 1202 619 1287 praedieant
640 1213 670 1268 et
684 1203 829 1289 indignos
850 1227 974 1290 prorsus
996 1205 1050 1290 qui
1064 1205 1146 1270 inter
1164 1205 1363 1291 philosophos

258 1314 483 1379 numerentur?
518 1314 672 1406 Caeterum
686 1314 726 1380 ad
736 1337 788 1380 eos
802 1316 979 1381 refutandos
991 1318 1102 1381 sufficit
1116 1318 1175 1381 tria
1189 1316 1361 1382 adverteres

261 1430 294 1491 1⁰
308 1427 391 1512 quod
406 1437 567 1492 assumunt
582 1429 732 1514 principia
745 1428 793 1494 vel
807 1430 951 1514 grutuita,
968 1429 1013 1494 vel
1027 1431 1189 1517 aequivoca,
1198 1429 1246 1495 vel
1260 1439 1363 1515 aperte

259 1538 344 1617 salsa,
360 1561 428 1623 quae
442 1561 499 1604 neo
518 1541 660 1624 probant,
676 1563 732 1606 nec
747 1541 875 1626 probare
890 1564 922 1605 se
944 1563 1033 1626 posse
1048 1549 1190 1626 sperant:
1214 1548 1245 1604 et
1260 1543 1363 1606 omnia

259 1649 447 1714 concludunt
473 1652 652 1716 asserendo:
682 1655 718 1718 2⁰
741 1652 824 1738 quod
846 1659 1057 1737 portentosum
1086 1652 1361 1718 contradictionum

260 1761 419 1825 cumulum
434 1761 501 1826 siue
519 1764 662 1848 scrupulo
677 1763 852 1842 admittant,
866 1765 979 1850 apertis
996 1764 1102 1844 oculis,
1118 1773 1149 1830 et
1162 1766 1364 1849 profiteantur

261 1895 294 1936 se
318 1872 352 1936 id
374 1895 438 1937 non
463 1873 588 1940 timere:
611 1878 646 1939 3⁰
669 1876 753 1960 quod
777 1875 960 1941 immediatae
982 1875 1141 1941 evidentiae
1163 1875 1223 1940 vim
1247 1886 1278 1941 et
1302 1876 1364 1941 ele-

262 1991 415 2049 mentares
437 1985 613 2051 intellectus
634 1987 762 2051 humani
781 1987 922 2052 notiones
944 1995 1152 2053 contemnant.
1198 1987 1274 2054 Hree
1291 1998 1364 2054 sunt

263 2097 338 2160 odeo
360 2095 534 2181 palpabilia,
550 2105 586 2162 ut
607 2099 708 2163 omnis
729 2098 850 2183 longior
867 2119 972 2163 eorum
994 2097 1137 2163 refutatio
1155 2098 1249 2164 videri
1268 2100 1365 2186 possit

264 2209 453 2294 superfluat

309 2321 418 2386 Restat
430 2328 533 2385 tamen
548 2321 758 2406 querendum,
767 2320 806 2387 ad
817 2321 981 2387 utilitatem
997 2321 1189 2402 discentium,
1201 2342 1263 2407 quo
1277 2329 1368 2406 pacto

265 2442 328 2496 tam
339 2439 517 2517 portentosa
526 2455 662 2498 errorum
673 2456 759 2518 seges
773 2433 807 2498 in
818 2433 962 2498 humanis
972 2432 1128 2498 mentibus
1139 2433 1210 2498 oriri
1221 2433 1366 2518 potuerit,

264 2553 304 2622 et,
321 2542 477 2608 suffocatis
491 2543 618 2608 rationis
632 2543 799 2630 principiis,
815 2544 848 2608 in
864 2551 982 2609 tantam
997 2545 1220 2609 absurditatum
1237 2567 1366 2608 messem

265 2677 466 2720 succrescere:
489 2676 538 2720 res
557 2655 640 2720 enim
665 2636 760 2720 videri
788 2664 890 2740 potest
905 2656 958 2724 ¹ud
987 2655 1199 2740 explicandum
1226 2655 1366 2721 difficilis.

266 2766 402 2846 Accedit,
414 2765 497 2851 quod
511 2766 647 2832 humana
655 2767 732 2832 ratio
746 2789 840 2852 puros
851 2789 966 2833 errores
981 2768 1059 2832 serio
1070 2775 1368 2852 contexereuequeat

266 2878 331 2942 siue
352 2877 455 2963 aliquo
477 2877 613 2942 veritatis
635 2878 847 2959 frmdamento,
862 2887 893 2944 ct
917 2879 1022 2964 magui
1040 2900 1155 2944 errores
1172 2901 1235 2943 nou
1257 2878 1368 2943 nisiex

266 2989 387 3074 magnis
401 2989 580 3054 veritatibus
602 2998 655 3055 aut
676 2992 757 3057 male
777 2991 940 3057 intellectis
958 3000 1012 3057 aut
1033 2991 1112 3056 male
1129 2990 1277 3076 expressis
1298 3013 1368 3076 pro·
1401 3065 1405 3073 ,

265 3101 358 3166 ficisoi
381 3101 515 3169 soleant:
539 3102 621 3168 uude
638 3104 670 3169 S.
686 3104 820 3169 Thomas
832 3104 971 3189 pulcram
992 3103 1078 3168 illam
1095 3103 1225 3189 protulit
1245 3110 1369 3168 senten-

263 3212 356 3278 tiam:
379 3214 434 3278 En
447 3217 533 3280 cerdo
547 3215 716 3280 iumdiouto
730 3218 862 3280 assutam
877 3217 1003 3280 terens

312 3328 363 3390 19.
386 3325 493 3390 Fiohte
512 3325 570 3391 hac
591 3325 802 3411 philosophica
822 3326 947 3391 veritate
970 3326 1083 3390 abusus
1102 3332 1159 3405 est,
1177 3323 1260 3410 quod
1278 3324 1383 3388 Omne

267 3459 316 3502 eus
331 3439 519 3502 constituitur
533 3446 602 3502 notu
617 3447 646 3502 et
658 3441 780 3504 termino
795 3441 827 3502 in
841 3440 982 3503 unitatem
993 3440 1235 3522 conspirantibus.
1280 3437 1370 3500 Hanc

267 3549 435 3627 veritatem,
450 3570 544 3633 quam
560 3549 744 3615 subobscure
758 3558 790 3613 et
805 3549 1006 3615 diversimode
1020 3549 1196 3634 philosophi
1212 3547 1310 3632 magis
1321 3547 1370 3610 iu·

267 3681 369 3738 nuere,
393 3683 486 3744 quam
506 3683 656 3746 exponere
678 3661 786 3741 solent,
808 3681 872 3726 non
892 3669 973 3726 recte
994 3660 1144 3725 intellexit
1159 3659 1276 3738 riehte,
1299 3657 1372 3744 quia

267 3821 405 3892 idearum
424 3827 515 3878 totum
532 3823 606 3878 enim
623 3840 703 3879 suum
717 3829 837 3896 systema
854 3823 953 3878 nititur
969 3824 999 3878 in
1010 3823 1207 3894 Ontologismo.
1243 3819 1325 3888 Quod
1336 3821 1371 3876 ad

268 3913 380 3964 caeteros
396 3909 565 3982 pontheistas
582 3911 691 3980 attinet,
703 3927 758 3964 non
776 3915 818 3965 est
833 3927 900 3984 opus
911 3909 1023 3983 speciali
1034 3910 1205 3980 refutatione,
1218 3925 1303 3982 quum
1314 3908 1372 3964 suf·

268 4004 343 4059 ficiet
353 4004 510 4060 communia
522 4023 614 4060 corum
625 4005 757 4078 principie
769 4006 906 4060 destruere
916 4025 922 4060 :
942 4006 1015 4078 quod
1027 4010 1086 4060 toto
1093 4006 1145 4078 hcc
1151 4005 1238 4078 capito
1247 4009 1374 4078 prsesture

268 4091 445 4146 intendimus.

273 4243 277 4250 ⁴
302 4181 321 4219 θ
338 4177 410 4232 Vide
429 4176 587 4232 Libcrotore
607 4177 740 4249 (Cosmol.
757 4195 783 4233 n.
797 4178 881 4249 7-10)
902 4178 970 4233 item
991 4177 1139 4250 Tongiorgi
1158 4177 1265 4249 (Theol.
1278 4182 1332 4232 not.
1346 4196 1372 4232 n.

270 4263 406 4336 128-135)
420 4267 449 4318 et
465 4268 587 4318 auctores
603 4263 671 4318 ulios
690 4262 722 4318 ab
740 4263 775 4317 iis
793 4263 897 4319 citatos.
934 4264 1006 4320 Vide
1023 4263 1106 4320 etiam
1122 4263 1220 4319 Suarez
1238 4264 1374 4337 (Metcph.

269 4349 340 4423 disp.
351 4349 438 4420 xxxi,
451 4349 601 4422 praesertim
614 4353 679 4406 sect.
694 4350 708 4402 1
721 4354 749 4404 ot
761 4350 800 4421 2).
