3186 4982
205 397 274 440 oar.
292 378 360 460 nu]
579 395 684 439 runnx
700 394 936 439 onnouoorous.

659 557 785 614 CAPUT
804 557 857 612 111.

551 721 591 759 DE
604 719 865 760 PROPRIETATIBUS
882 718 977 759 nnsis.

243 839 285 892 63.
304 836 412 893 Dicitur
424 835 516 892 stricte
523 835 664 906 prope-aiam
675 835 746 888 entis
757 834 788 889 id
800 835 872 906 quod
885 854 920 890 ex
932 833 1116 889 constitutivis
1129 831 1317 888 essentialibus

208 925 358 979 necessario
369 924 448 992 fluite
475 923 614 995 proprium
625 922 699 976 enim
711 921 841 976 definitur
855 921 885 975 iel
901 923 971 992 quod
986 921 1101 975 contenit
1115 919 1222 973 omniet
1233 919 1317 972 solist

208 1030 324 1081 semper:
344 1015 372 1065 et
383 1013 579 1082 consequenter
590 1009 686 1080 nequit
696 1007 795 1063 habere
813 1008 946 1062 rationem
958 1007 1001 1062 sui
1011 1007 1066 1061 nisi
1083 1007 1113 1060 in
1125 1006 1185 1079 ipsa
1201 1004 1319 1060 essentia

209 1099 256 1153 rei.
294 1098 387 1164 Quum
404 1115 468 1152 vero
481 1096 660 1151 constitutiva
671 1095 825 1150 essentialia
842 1095 913 1150 entis
931 1094 1075 1149 cuiuslibet
1092 1094 1148 1149 sint
1165 1098 1250 1161 echis,
1262 1097 1318 1146 ter·

209 1185 300 1240 minus
318 1189 347 1239 et
364 1184 600 1256 complementum,
613 1199 660 1236 seu
678 1188 794 1251 aetuans,
808 1187 941 1235 acuatum
957 1185 985 1234 et
1002 1180 1144 1248 adualdus,
1158 1184 1187 1234 et
1199 1195 1247 1251 per
1257 1178 1318 1231 haec

208 1271 313 1342 quaevis
332 1270 449 1324 essentia
467 1270 609 1340 adaequate
633 1267 822 1335 constituatis,
843 1267 966 1339 sequitrn
983 1266 1056 1338 quod
1077 1266 1218 1337 propedem
1238 1265 1319 1319 debet

209 1356 320 1428 quidem
332 1374 367 1410 ex
378 1355 423 1410 his
436 1355 529 1427 accipi,
542 1355 590 1408 sed
602 1354 637 1408 ud
655 1353 759 1424 aliquid
776 1354 890 1408 ulterius
908 1353 1033 1408 ordinari.
1070 1353 1101 1407 Si
1117 1353 1190 1408 enim
1202 1352 1319 1407 essentia

210 1443 358 1514 accipiatur
370 1442 500 1511 absolute,
513 1441 584 1494 nihil
596 1440 671 1494 aliud
683 1441 836 1494 addendum
848 1446 889 1495 est
901 1441 989 1495 tribus
1005 1440 1160 1512 praedictis:
1179 1445 1208 1494 et
1219 1439 1241 1494 si
1255 1456 1318 1511 pro·

209 1530 298 1602 prium
311 1535 381 1583 esset
393 1529 496 1600 aliquid
508 1528 591 1598 aliud,
604 1527 660 1581 iam
673 1528 813 1598 proprium
825 1532 896 1582 esset
913 1528 1036 1582 accidens
1048 1528 1119 1582 entis
1131 1527 1207 1582 cuius
1219 1526 1319 1580 dicitur

210 1616 362 1688 proprium:
376 1616 448 1687 quod
455 1633 513 1670 esse
520 1614 624 1686 nequit,
632 1614 697 1686 quia
703 1614 826 1668 accidens
833 1632 888 1668 non
897 1613 1024 1668 convenit
1033 1613 1108 1667 omni
1115 1617 1144 1667 et
1151 1613 1202 1667 soli
1210 1618 1237 1666 et
1246 1629 1318 1666 sem·

210 1720 264 1774 per.
284 1702 400 1767 Quando
409 1721 471 1774 ergo
481 1702 610 1774 agiturde
617 1700 825 1776 proprietatibus
835 1701 905 1754 entis
915 1699 1110 1770 essentialibus,
1118 1699 1248 1771 agiturde
1256 1704 1319 1754 ente

210 1807 265 1843 non
283 1795 316 1843 ut
336 1795 377 1843 est
398 1788 527 1857 absolute,
540 1787 587 1842 sed
608 1792 639 1842 ut
660 1787 727 1842 dicit
747 1787 869 1842 ordinem
885 1788 920 1842 ad
936 1787 1046 1859 aliquid.
1083 1786 1201 1858 Antiqui
1213 1804 1276 1840 oum
1288 1786 1316 1840 S.

210 1877 316 1930 Thema
336 1876 463 1930 dixenrnt
484 1875 623 1948 proprium
643 1874 742 1946 speciei
760 1891 817 1928 esse
839 1875 956 1928 accidens
975 1893 1126 1946 consequens
1143 1875 1251 1944 speeiem
1270 1891 1318 1926 seu

211 1981 362 2034 consequere
373 1963 513 2034 formam:
546 1961 685 2034 proprium
704 1979 768 2016 voro
785 1961 922 2016 individui
941 1979 998 2015 esse
1018 1961 1142 2015 accidens
1165 1979 1319 2032 coresequene

210 2051 358 2104 materiam.
396 2049 451 2104 Sed
462 2050 527 2121 quia
539 2050 612 2120 quod
624 2047 798 2119 consequitur
809 2047 867 2101 sive
879 2048 993 2102 formam
1004 2048 1062 2102 sive
1080 2047 1221 2102 materiam
1232 2066 1317 2102 cecea-

210 2138 282 2191 ema'o
301 2143 337 2191 eet
356 2136 386 2189 in
406 2141 468 2190 ente
486 2136 604 2190 habente
622 2134 737 2190 formam
755 2138 783 2188 et
800 2134 949 2202 materiam,
963 2134 1087 2188 accidens
1104 2151 1167 2188 vero
1186 2138 1228 2188 est
1246 2133 1319 2205 quod

206 2229 292 2296 potest
308 2241 360 2276 eoa
377 2240 428 2277 esse
441 2222 471 2276 in
489 2226 559 2292 ente,
575 2221 637 2275 ideo
652 2220 791 2293 proprium
805 2221 899 2292 nequit
920 2237 977 2274 esse
994 2219 1125 2288 accidens,
1142 2220 1190 2273 sed
1209 2224 1318 2273 tentum

211 2309 362 2382 concipitur
373 2327 435 2364 cum
444 2309 536 2364 ordine
548 2309 693 2380 adaliquid
705 2307 880 2378 accidentale,
890 2307 1096 2377 utvidebimus3
1110 2308 1183 2379 quod
1192 2307 1319 2362 ostvalde

211 2399 356 2453 diversum.
393 2397 465 2451 Ordo
485 2402 577 2450 autem
595 2397 641 2451 hic
661 2395 823 2450 considerari
839 2401 929 2468 potest
951 2395 979 2449 1⁰
995 2415 1029 2450 ex
1046 2401 1122 2469 parte
1138 2400 1222 2465 actus,
1238 2396 1269 2449 2⁰
1283 2412 1318 2449 ex

211 2490 287 2556 parte
301 2483 417 2553 termini,
430 2485 460 2537 3⁰
474 2501 509 2537 ex
520 2487 596 2555 parte
608 2481 806 2568 complementi.

608 2662 776 2703 samonaos
793 2661 915 2701 numus.

529 2771 705 2842 proprietates
717 2769 781 2824 eatis
792 2787 824 2823 ee
830 2774 910 2838 perte
922 2773 1010 2846 actm..

248 2888 290 2940 64.
308 2887 342 2939 In
353 2886 510 2942 substantiis
522 2891 598 2942 actius
609 2895 651 2941 est
669 2885 832 2958 principium
849 2883 1016 2940 activitatis:
1043 2887 1071 2936 et
1087 2881 1147 2954 ipsa
1157 2880 1316 2949 substantie,

213 2971 241 3026 irc
258 2978 383 3042 quantem
397 2979 469 3026 actes
484 2974 628 3042 conpletas,
643 2978 684 3027 est
701 2971 866 3045 principium
881 2969 1008 3025 eotivum.
1046 2969 1139 3022 Prima
1156 2968 1245 3038 igitur¹
1255 2985 1317 3040 pro·

213 3058 312 3130 prietes
330 3059 401 3113 entis
421 3064 463 3114 est
481 3060 606 3117 activitae.
644 3060 682 3115 Et
700 3060 779 3115 facile
799 3058 965 3126 ostenditu13
990 3075 1054 3112 nam
1072 3056 1190 3128 primum
1202 3055 1319 3112 inomni

214 3163 309 3217 genere
321 3151 362 3200 est
374 3164 454 3200 causa
471 3153 644 3216 caeterorum3
671 3165 735 3218 ergo
751 3151 827 3201 actus
845 3144 1038 3214 substantialis,
1052 3144 1100 3216 qui
1112 3149 1155 3200 est
1167 3143 1224 3200 sine
1237 3142 1319 3198 dubio

176 3275 178 3280 ,
213 3233 315 3305 primus
326 3234 355 3288 in
367 3242 465 3306 genere
476 3240 560 3303 actus,
573 3240 615 3288 est
627 3252 707 3290 cauea
719 3239 830 3290 actuum
847 3230 1064 3300 accidentalium,
1078 3231 1125 3302 qui
1144 3236 1208 3284 sunt
1227 3236 1320 3302 poste·

213 3320 302 3376 riores.
339 3321 414 3376 Hinc
426 3321 454 3376 S.
467 3322 586 3376 Thomas
598 3321 814 3393 frequentissime
827 3319 925 3393 repetit
936 3319 985 3374 illa
997 3319 1149 3374 axiomata:
1169 3319 1270 3372 Formo
1282 3325 1320 3372 eet

213 3409 244 3462 id
254 3427 303 3479 qao
312 3427 390 3478 operes
402 3410 463 3480 apd,
476 3415 505 3464 et
521 3410 613 3464 Omnis
625 3411 694 3464 actio
705 3408 1005 3484 reiforowmyseqm'tur,
1016 3407 1170 3476 quumidem
1179 3405 1319 3474 estprinci-

208 3495 285 3564 piem
305 3497 404 3550 essendi
423 3503 447 3550 et
469 3497 594 3566 operandi
610 3495 721 3568 (Opusc.
741 3495 790 3550 xli.
813 3495 846 3549 de
867 3500 964 3548 natura
984 3492 1155 3563 accidentis),
1171 3498 1200 3546 et
1217 3493 1320 3546 Unum·

213 3584 328 3652 quodque
339 3583 395 3652 opit
406 3582 435 3636 ia
447 3589 574 3653 quactum
585 3589 622 3638 eat
634 3583 662 3636 in
671 3589 739 3650 ectu,
752 3587 780 3635 et
797 3583 853 3642 Quo
865 3581 968 3650 aliquid
978 3586 1015 3634 eat
1026 3581 1055 3634 in
1067 3585 1134 3647 actu,
1148 3598 1177 3632 eo
1188 3585 1318 3648 operetur,

213 3673 242 3722 et
253 3668 360 3722 similia.
397 3668 436 3722 Et
446 3674 556 3740 propter
563 3669 615 3724 hoe
627 3668 714 3724 omnis
726 3666 879 3722 substantia
890 3667 989 3723 dicitur
1001 3665 1126 3737 quaedem
1137 3671 1242 3734 natura,
1254 3665 1322 3736 quia

213 3760 254 3810 est
261 3756 427 3825 prinecpiam
439 3757 548 3812 abemus
560 3762 651 3825 mdes,
664 3761 692 3810 et
704 3757 737 3811 de
751 3773 779 3809 se
791 3755 931 3810 ordinatur
942 3752 1164 3824 adoperandum.

249 3843 382 3898 Probatur
393 3847 485 3900 autem
495 3843 615 3898 ulterius.
653 3843 691 3898 Et
707 3843 737 3896 in
749 3843 808 3898 Deo
820 3841 930 3913 quidem
948 3858 990 3894 res
1008 3845 1049 3894 est
1062 3839 1180 3905 evidens,
1193 3855 1277 3910 quum
1289 3839 1319 3894 in

214 3930 273 3984 Ileo
285 3947 342 3984 esse
355 3935 383 3984 et
393 3933 491 3984 nahua
508 3929 564 3984 sint
581 3948 667 3984 unum
685 3935 713 3984 et
727 3930 809 3999 idem,
823 3928 948 3983 omnibus
959 3926 1115 3982 fatentibus.
1151 3926 1186 3979 In
1197 3931 1321 3982 creature

214 4035 277 4072 vero
296 4017 437 4090 spirituali,
456 4034 516 4088 quae
530 4021 572 4070 est
582 4016 735 4072 substantia
747 4016 922 4084 intellectiva,
936 4015 993 4088 ipse
1006 4019 1151 4086 conceptus
1161 4013 1319 4084 intelligen-

214 4103 261 4158 tia
274 4103 405 4175 importat
416 4108 445 4158 et
455 4102 573 4156 includit
583 4102 712 4156 virtutem
720 4102 923 4157 intellectivam.
955 4102 1027 4154 Item
1039 4107 1160 4154 creatura
1171 4100 1321 4154 materialis

213 4189 270 4244 sine
284 4189 423 4244 actititate
436 4205 484 4242 sua
495 4189 603 4260 propria
614 4188 719 4260 concipi
732 4189 835 4260 nequit,
850 4188 915 4260 quia
931 4187 989 4243 sine
1006 4186 1145 4242 activitate
1159 4204 1214 4240 non
1229 4191 1322 4258 potest

213 4293 291 4347 agere
303 4275 333 4330 in
344 4292 445 4344 sensus,
458 4291 507 4329 nee
519 4274 673 4346 imprimere
685 4275 809 4347 speciem,
824 4274 882 4330 sine
890 4291 944 4346 qua
952 4273 1023 4328 nihil
1035 4290 1174 4345 possemus
1186 4273 1220 4327 de
1232 4279 1319 4328 mate·

214 4361 325 4418 rialibus
337 4378 500 4434 cognoscere.
537 4359 612 4416 Hinc
628 4361 661 4416 de
677 4361 832 4434 corporibus
846 4360 987 4434 speciatim
1005 4360 1045 4414 ait
1063 4359 1090 4414 S.
1109 4358 1226 4415 Thomas
1239 4359 1252 4430 (
1252 4377 1278 4431 p.
1293 4360 1318 4413 1.
