3212 4986
292 377 313 427 4,
341 411 350 433 ἱ
771 374 813 418 m:
831 374 906 439 pm,
1265 347 1353 430 [CAP.
1371 367 1395 408 1.

292 542 422 606 stionem
442 548 510 604 tum
531 540 569 605 sd
587 539 795 622 integritatem
812 535 954 615 scientiae,
969 543 1037 598 tum
1053 540 1177 618 propter
1192 531 1298 594 atheos
1318 551 1393 614 prae-

293 652 398 716 sertim
419 650 629 714 instituimus:
662 647 837 726 secundam,
860 654 896 710 ut
917 666 1122 731 preparemus
1144 641 1232 706 nobis
1253 641 1332 704 viam
1355 639 1394 702 ad

293 761 482 847 pantheistas
493 759 615 846 quosvis
628 758 821 823 refutandos:
844 756 967 822 tertiam
982 755 1124 841 denique,
1136 761 1171 817 ut
1187 753 1392 837 cognitionem

294 872 364 950 Dei,
387 894 480 957 quam
502 893 539 934 ex
560 870 707 934 creaturis
729 867 910 954 accepimus,
933 875 1083 953 quantum
1106 888 1154 931 res
1180 864 1305 949 patitur,
1327 884 1394 948 per·

295 985 442 1049 ficiamus.

677 1211 863 1256 surlcunus
880 1211 1016 1255 PRIMUS.

694 1374 742 1434 De
756 1373 912 1436 eristentia
927 1373 996 1435 Dei.

340 1532 371 1594 3.
396 1528 547 1605 Quaerunt
568 1531 742 1616 philosophi
764 1532 838 1596 satis
860 1531 1072 1609 communiter,
1096 1552 1134 1593 an
1157 1529 1316 1594 existentia
1337 1530 1397 1594 Der

296 1639 404 1705 debeat
416 1652 468 1707 aut
478 1643 574 1727 possit
585 1643 796 1708 demonstrari.
840 1644 882 1708 Et
893 1643 1027 1728 quidem,
1039 1643 1064 1706 si
1075 1665 1144 1706 vera
1156 1651 1234 1705 esset
1247 1641 1398 1705 sententia

295 1750 419 1817 illorum
440 1756 666 1840 ontologorum,
689 1756 742 1841 qui
764 1756 863 1820 ideam
885 1756 946 1820 Dei
967 1764 1001 1820 at
1023 1757 1099 1820 entis
1126 1756 1296 1840 simpliciter
1325 1763 1396 1819 ante

296 1883 403 1930 omnes
418 1865 492 1930 alias
507 1867 590 1932 ideas
604 1867 637 1930 in
652 1867 740 1931 nobis
755 1867 881 1932 existere
896 1876 1067 1944 autumant,
1083 1888 1145 1930 non
1161 1875 1240 1930 esset
1255 1865 1398 1950 possibile

297 1973 505 2041 demonstrare
515 1977 626 2042 realem
636 1978 696 2042 Dei
708 1978 909 2057 existentiam,
922 1977 974 2044 sed
984 1985 1136 2062 oporteret
1148 1999 1213 2042 eam
1226 1997 1397 2062 supponere

296 2094 453 2172 tamquam
476 2087 592 2174 aliquid
614 2089 703 2153 nobis
724 2089 899 2154 immediate
920 2098 1097 2174 perceptum
1120 2098 1151 2153 et
1172 2089 1295 2174 penitus
1310 2089 1397 2152 inde·

297 2199 505 2265 monstrabile.
550 2191 757 2286 Nam,'quum
777 2201 878 2265 omnis
898 2201 1117 2266 demonstratio
1136 2209 1241 2265 utatur
1263 2200 1349 2279 ideis,
1367 2207 1399 2264 et

297 2311 398 2374 omnis
408 2311 477 2377 idea
488 2312 587 2377 ideam
598 2312 668 2392 Dei,
680 2322 716 2376 ut
727 2314 807 2377 entis
818 2313 1005 2398 simpliciter,
1018 2335 1054 2380 ex
1064 2311 1238 2399 hypothesi,
1249 2311 1396 2390 includat,

298 2445 417 2507 semper
436 2423 636 2509 supponenda
658 2433 737 2488 esset
752 2423 898 2509 implicite
913 2413 1072 2488 existentia
1085 2423 1145 2488 Dei
1160 2423 1193 2486 in
1208 2422 1397 2488 demonstra-

298 2534 382 2597 tione
396 2533 564 2598 existentiae
579 2533 639 2598 Dei
657 2535 740 2617 (nam
754 2535 788 2599 in
804 2534 872 2600 idea
885 2534 946 2599 Dei
957 2533 1125 2599 includitur
1140 2534 1206 2598 eius
1219 2534 1396 2615 existentia)

296 2652 328 2707 et
343 2643 386 2706 sic
401 2643 619 2709 demonstratio
633 2644 718 2708 fieret
733 2667 787 2730 per
802 2644 949 2710 circulum
963 2645 1117 2724 vitiosum,
1133 2645 1165 2709 id
1179 2653 1226 2710 est
1240 2667 1301 2709 non
1317 2653 1397 2710 esset

295 2775 366 2818 vera
389 2752 619 2819 demonstratio.
665 2755 710 2820 Ut
733 2777 806 2840 ergo
829 2765 981 2841 appareat,
1011 2757 1177 2840 rigorosam
1207 2757 1396 2822 demonstra·

295 2865 412 2929 tionem
434 2865 601 2930 existentiae
614 2865 674 2930 Dei
696 2889 761 2931 esse
782 2867 968 2952 possibilem,
991 2868 1214 2933 ostendendum
1235 2869 1321 2953 prius
1340 2877 1397 2948 cst,

295 2975 405 3054 ideam,
422 2997 513 3060 quam
532 2999 589 3040 nos
606 2977 756 3042 habemus
777 2978 815 3042 de
829 2977 897 3044 Deo
912 3001 975 3043 non
990 3001 1055 3044 esse
1070 2979 1199 3064 primam
1215 2978 1326 3059 ideam,
1341 3002 1397 3045 nec

293 3086 532 3154 fundamentum
546 3088 684 3153 omnium
699 3089 826 3154 aliarum
842 3090 989 3155 idearum.

339 3201 371 3261 4.
394 3197 503 3262 Primo
515 3198 621 3282 igitur,
644 3198 670 3262 si
692 3198 759 3263 idea
773 3198 834 3264 Dei
851 3208 887 3264 ut
909 3201 989 3264 entis
1008 3200 1184 3285 simpliciter
1205 3210 1284 3266 esset
1301 3202 1399 3287 prima

295 3309 364 3374 idea
374 3331 528 3394 perquam
541 3309 580 3373 ad
588 3331 695 3374 omnes
704 3309 787 3374 ideas
797 3311 914 3374 entium
924 3311 1151 3395 particularium
1161 3313 1397 3396 perveniremus,

295 3420 491 3485 ensfinitum
514 3420 718 3505 attingeretur
739 3444 793 3506 per
815 3421 914 3486 ideam
937 3423 1016 3486 entis
1031 3423 1155 3486 infiniti.
1202 3423 1263 3487 Sed
1279 3424 1337 3488 hoc
1352 3432 1398 3488 est

294 3530 472 3598 absurdum.
516 3530 599 3614 Ergo
622 3531 689 3596 idea
703 3531 764 3594 Dei
785 3553 848 3594 non
871 3545 917 3596 est
939 3542 1043 3597 nostra
1061 3533 1160 3618 prima
1174 3534 1290 3599 ideain
1305 3559 1398 3600 sensu

294 3642 517 3726 ontologorum.
564 3641 665 3705 Maior
687 3651 733 3705 est
755 3643 879 3706 evidens
890 3670 899 3723 3
934 3645 1006 3728 quia
1027 3667 1082 3708 ens
1105 3645 1291 3729 simpliciter,
1314 3647 1398 3711 iuxta

295 3754 466 3838 ontologos,
482 3763 528 3817 est
550 3773 604 3815 ens
627 3752 764 3817 absolute
786 3753 953 3820 infinitum.
998 3755 1103 3820 Minor
1125 3778 1197 3820 vero
1219 3756 1307 3821 facile
1328 3780 1399 3842 pro·

296 3865 405 3943 batur;
428 3887 499 3928 nam
522 3863 673 3947 attingere
695 3887 757 3948 ens
771 3864 895 3928 finitum
918 3888 972 3950 per
993 3865 1093 3930 ideam
1116 3866 1195 3930 entis
1217 3867 1331 3932 infiniti
1353 3878 1399 3933 est

296 3975 446 4060 attingere
466 3997 531 4038 rem
550 3996 605 4058 per
623 3973 655 4038 id
673 3974 755 4058 quod
776 3996 838 4038 non
858 3977 952 4039 estin
967 3998 1012 4040 ea.
1058 3976 1140 4040 Nam
1155 3978 1233 4041 ratio
1248 3979 1398 4058 entitatis,

296 4109 358 4172 qua
380 4108 435 4149 ens
461 4084 616 4149 infinitum
643 4084 675 4147 in
701 4107 732 4148 se
755 4086 962 4165 constituitur,
983 4085 1069 4150 nullo
1094 4088 1184 4151 modo
1210 4095 1256 4152 est
1275 4090 1310 4152 in
1330 4100 1400 4158 ente

107 4231 110 4238 ·
209 4223 211 4228 ·
296 4197 393 4275 finito,
409 4219 495 4260 secus
514 4218 569 4260 ens
588 4195 711 4258 finitum
726 4195 919 4280 participaret
934 4198 1082 4261 rationem
1098 4199 1226 4264 infinitae
1241 4201 1397 4267 entitatis:

298 4307 381 4390 quod
404 4314 450 4372 est
465 4305 619 4370 evidenter
633 4305 754 4371 falsum.
802 4306 868 4375 Iam
883 4329 952 4372 vero
973 4307 1159 4392 impossibile
1181 4318 1227 4374 est
1248 4311 1400 4396 attingere
