3222 4984
229 390 298 437 cnr.
316 367 373 456 ra]
541 390 584 434 na
600 385 745 433 serrone
762 388 820 432 mu
838 387 876 432 ru
892 387 1022 433 nonno.
1273 367 1336 432 163

229 562 323 621 netur
341 577 397 640 per
418 553 552 639 aliquam
567 575 678 618 novam
693 553 900 618 actualitatem
915 552 1095 637 impressam
1111 551 1218 617 virtuti
1232 549 1336 616 activae

232 666 330 753 (quod
352 675 399 731 est
421 665 619 751 impossibile,
639 687 735 751 quum
761 665 898 731 activitas
923 672 1096 750 opponatur
1109 663 1336 748 receptivitati),

233 779 288 845 sed
308 779 466 844 obtinetur
484 799 539 863 per
562 777 657 842 solam
676 799 710 842 ac
733 776 902 861 simplicem
921 777 1102 862 positionem
1116 775 1241 841 termini
1254 775 1337 838 intra

233 891 383 978 sphaeram
409 890 583 956 activitatis.
627 890 711 974 llrgo
739 911 774 953 eo
797 889 866 974 ipso
889 888 972 975 quod
996 897 1141 966 creatora,
1159 887 1234 951 dum
1260 887 1335 970 agit,

232 1002 384 1088 dependet
400 1025 417 1066 a
431 1002 499 1066 Deo
515 1001 616 1086 quoad
631 1023 706 1082 esse,
722 1000 874 1086 dependet
889 1000 981 1065 etiam
1001 1000 1102 1085 quoad
1124 1021 1222 1084 agere,
1239 1019 1335 1084 quum

232 1136 296 1178 non
317 1122 388 1198 agat
405 1113 466 1178 nisi
486 1115 667 1179 terminando
682 1113 827 1178 virtutem
850 1136 868 1177 a
882 1112 950 1176 Deo
964 1122 1118 1197 acceptam
1133 1121 1164 1176 et
1178 1119 1254 1176 tunc
1269 1133 1335 1176 sus-

233 1234 383 1290 tentatam
398 1248 469 1290 cum
484 1248 520 1289 ea
534 1225 699 1289 intrinseca
713 1224 870 1290 tendentia
885 1224 925 1289 ad
940 1232 1042 1289 actum
1057 1223 1236 1289 secundum.

277 1338 370 1415 Quod
389 1346 492 1402 autem
515 1337 639 1402 additur
657 1337 695 1402 de
713 1360 796 1402 serra
811 1359 917 1402 verum
938 1345 994 1416 est,
1009 1358 1072 1400 non
1094 1337 1166 1421 quia
1186 1357 1266 1399 serra
1287 1335 1335 1398 in-

232 1450 335 1533 digeat
350 1450 483 1536 recipere
497 1458 615 1515 motum
631 1449 670 1514 ab
681 1449 805 1529 artifice,
816 1459 851 1514 ut
862 1449 928 1514 eius
939 1449 1036 1514 virtus
1052 1449 1179 1534 accipiat
1193 1448 1335 1512 ultimam

231 1561 417 1625 activitatem
442 1564 526 1645 (nam
548 1560 575 1624 si
597 1583 679 1626 serra
701 1560 741 1624 sit
763 1560 938 1640 immobilis,
954 1569 986 1624 et
1007 1561 1129 1644 lignum
1152 1582 1206 1645 per
1221 1581 1334 1624 serram

232 1681 399 1752 moveatur,
415 1674 590 1757 secabitur),
603 1672 658 1737 scd
672 1673 745 1758 quia
758 1672 890 1757 lignum,
903 1672 986 1758 quod
1001 1681 1047 1736 est
1062 1672 1211 1736 terminus
1225 1671 1258 1735 in
1274 1691 1335 1755 quc

231 1784 378 1869 recipitur
399 1784 478 1850 actio
500 1785 638 1864 rodendi,
654 1784 773 1869 indiget
794 1785 951 1870 applicari,
966 1785 999 1848 id
1020 1793 1066 1849 est
1087 1784 1162 1869 poni
1182 1782 1336 1848 indebita

231 1898 461 1982 propinquitate
483 1905 553 1976 etc,
569 1898 608 1961 ad
630 1896 834 1981 recipiendam
856 1897 1006 1961 actionem
1030 1919 1118 1960 serrae
1135 1897 1334 1974 corrosivam3

232 2032 269 2074 ex
284 2018 393 2074 natura
408 2009 490 2074 enim
505 2009 633 2073 actionis
649 2009 805 2074 corrosiva
820 2009 966 2094 sequitur,
978 2017 1015 2073 ut
1030 2009 1137 2074 debeat
1152 2009 1217 2073 fieri
1232 2016 1335 2072 motus

233 2121 281 2187 vel
302 2144 392 2186 serrae
414 2143 506 2206 supra
528 2121 660 2204 lignum,
678 2121 724 2185 vel
745 2120 824 2205 ligni
846 2143 938 2206 supra
960 2143 1083 2200 serram,
1099 2129 1135 2184 ut
1153 2121 1186 2184 in
1206 2119 1336 2204 singulis

230 2234 370 2318 partibus
398 2234 477 2318 ligni
504 2235 585 2298 aetio
613 2255 703 2296 serrae
730 2233 896 2298 successive
921 2233 1094 2317 recipiatur.
1140 2232 1264 2296 Falsum
1290 2239 1337 2295 est

231 2345 336 2429 igitur,
358 2354 479 2409 motum
505 2345 687 2428 impressum
713 2367 802 2408 serrae
823 2344 862 2408 ab
885 2344 998 2409 artifice
1020 2343 1170 2428 complere
1191 2343 1335 2408 virtutem

232 2457 354 2521 secandi
379 2457 412 2519 in
436 2465 507 2521 actu
534 2455 690 2522 secundo:
722 2465 753 2520 et
777 2456 816 2520 de
839 2456 930 2535 facto,
955 2456 1151 2541 quantumvis
1180 2463 1336 2520 moveatur

233 2590 324 2645 serra,
339 2566 418 2630 nihil
433 2566 556 2645 secabit,
571 2565 632 2630 nisi
647 2566 769 2650 lignum
787 2566 966 2651 applicetur.
1013 2566 1081 2631 Hoc
1099 2579 1202 2630 autem
1221 2566 1336 2650 impos·

233 2678 320 2742 sibile
335 2686 424 2759 esset,
441 2678 467 2742 si
481 2687 584 2742 motus
600 2678 639 2742 ab
653 2678 769 2743 artifice
784 2677 951 2762 impressus
966 2678 1109 2743 virtutem
1130 2688 1219 2742 serrae
1236 2684 1335 2742 trans·
1395 2743 1401 2750 ,

231 2791 329 2855 ferret.
339 2790 377 2854 de
390 2799 462 2854 actu
475 2790 575 2875 primo
590 2789 711 2868 secandi
725 2789 765 2853 ad
780 2789 959 2854 secundum.

276 2901 423 2981 Tandem,
447 2900 530 2986 quod
554 2901 665 2966 attinet
690 2900 729 2965 ad
755 2900 786 2966 S.
814 2901 973 2980 Thornam,
1001 2900 1087 2965 locus
1109 2899 1220 2964 allatus
1242 2899 1335 2964 habet

232 3013 423 3079 verissimum
452 3031 587 3092 sensum,
608 3011 640 3077 et
665 3012 754 3078 docet
783 3013 907 3098 praecise
929 3012 963 3076 id
988 3012 1071 3098 quod
1094 3034 1150 3077 nos
1168 3033 1248 3096 saepe
1274 3011 1335 3075 iam

233 3125 460 3204 declaravimus,
470 3146 579 3208 nempe
590 3124 735 3189 virtutem
750 3125 879 3189 activam
894 3125 972 3189 nihil
986 3124 1070 3189 aliud
1084 3147 1149 3189 esse
1163 3125 1224 3188 nisi
1238 3133 1335 3188 actum

232 3237 452 3302 wlstantiolcm
466 3245 501 3301 ot
515 3237 638 3300 ulterior
652 3237 870 3301 accidentaliter
886 3238 1102 3301 terminabilem.
1134 3235 1336 3301 Materialiter

231 3348 327 3432 igitur
342 3358 474 3431 sumpta,
491 3369 546 3412 seu
560 3357 652 3432 prout
667 3358 713 3412 est
728 3356 814 3412 actus
830 3349 1047 3428 substantialis,
1063 3350 1149 3413 babet
1163 3372 1224 3413 ecee
1237 3357 1335 3413 ratam

232 3470 262 3525 et
276 3461 376 3544 flaura
397 3462 429 3523 in
450 3467 576 3537 notora3
599 3467 646 3524 est
660 3459 743 3524 enim
759 3460 858 3523 forma
879 3460 945 3544 ipsa
965 3461 1085 3544 agentis
1102 3469 1138 3524 ut
1157 3461 1245 3525 illurn
1263 3482 1335 3525 con-

232 3571 352 3649 stituit,
389 3592 486 3656 quum
506 3572 609 3655 formo
632 3573 673 3635 eit
698 3572 731 3634 id
756 3593 813 3656 qao
839 3594 928 3656 aperta
957 3574 1030 3655 opit,
1060 3580 1096 3635 ut
1125 3580 1272 3658 perpetuo
1303 3573 1335 3637 S.

233 3682 365 3746 Thomas
380 3681 530 3746 inculeatr
554 3680 608 3746 sed
622 3682 790 3746 formaliter
805 3691 936 3767 sumpta,
952 3681 1045 3745 idest
1061 3690 1096 3744 ut
1111 3682 1335 3747 accidentaliter

232 3794 443 3875 terminabilis,
453 3817 508 3858 seu
518 3803 554 3858 ut
565 3793 598 3856 in
610 3803 679 3858 actu
690 3793 790 3879 primo
802 3793 841 3858 ad
850 3793 1095 3857 terminationem
1108 3793 1333 3874 accidentalem,

232 3930 296 3972 uno
310 3907 411 3987 verbo,
432 3917 468 3971 ut
493 3907 601 3986 virtus,
616 3909 648 3969 io
672 3929 730 3989 qua
752 3907 836 3970 Deae
852 3907 934 3990 fecit
957 3915 990 3970 ot
1014 3905 1170 3969 actualiter
1191 3915 1334 3990 operator,

232 4019 319 4083 babet
333 4018 476 4103 quoddam
490 4040 551 4082 eece
563 4016 788 4100 incomitatum,
812 4015 883 4100 quia
894 4024 930 4078 ut
941 4015 994 4095 sic,
1003 4023 1084 4079 caret
1093 4015 1193 4079 adhuc
1204 4011 1336 4081 termino

230 4152 297 4194 eam
322 4128 496 4212 complente
519 4129 552 4191 in
583 4127 658 4190 actu
677 4127 821 4206 secundo,
837 4127 869 4190 in
893 4149 954 4212 quo
976 4126 1069 4191 habet
1092 4148 1157 4192 esse
1179 4137 1280 4191 ratum
1301 4128 1335 4192 in

232 4249 343 4306 natura
365 4240 554 4304 admodum
576 4248 663 4303 actus
686 4239 890 4318 accidentalis,
909 4248 941 4303 et
963 4238 1002 4303 ad
1025 4261 1116 4323 quem
1138 4239 1194 4304 sub
1217 4240 1336 4304 formali

232 4361 383 4437 conceptu
407 4352 530 4415 virtutis
555 4351 759 4415 necessarium
784 4352 922 4416 ordinem
945 4351 1047 4415 habet.
1094 4351 1136 4414 Et
1164 4351 1246 4416 idem
1277 4352 1336 4416 dici

1101 4466 1163 4527 rell
