3240 4986
285 397 349 463 lot
740 419 783 463 os
800 419 932 464 ununo.
1229 401 1318 486 [cnr.
1334 419 1389 464 ur.

283 584 337 649 fiat
359 605 414 670 per
430 591 517 649 actus
538 583 749 664 accidentales,
772 584 951 650 nonhabet
973 584 1144 649 absolutam
1166 584 1387 666 necessitatem,

284 696 338 761 scd
358 695 587 783 hypotheticam
609 704 743 778 tanturn,
758 696 790 761 id
805 705 853 762 est
868 696 925 761 snb
941 696 1115 762 conditione
1130 695 1214 783 quod
1228 696 1389 782 aliquavis

284 815 424 871 ecnccec
453 827 516 871 non
545 805 671 872 misceat
700 829 787 872 suam
813 807 962 872 actionem
988 805 1161 878 actionibus
1185 807 1387 874 naturalibus.

286 917 379 997 Hinc,
390 917 511 1002 legibus
522 926 640 983 naturas
653 917 850 984 manentibus
864 919 997 999 intactis,
1014 940 1121 984 cursus
1136 927 1253 984 naturae
1267 919 1388 984 alterari

283 1037 394 1113 potest,
410 1029 436 1094 si
457 1051 548 1094 causa
566 1031 704 1115 superior
724 1053 779 1116 per
800 1031 952 1096 actionem
974 1053 1062 1098 suam
1084 1031 1209 1098 effectus
1231 1032 1386 1096 actionum

283 1140 469 1205 naturalium
482 1148 536 1206 aut
545 1141 638 1207 elidat
649 1149 842 1227 autcxparte
852 1142 1007 1209 immutet.
1052 1142 1144 1220 Quod
1155 1150 1257 1211 autem
1269 1143 1386 1208 dictum

283 1261 330 1316 cst
353 1252 390 1318 de
411 1252 534 1336 legibus
556 1262 587 1318 et
609 1276 702 1319 cursu
722 1263 840 1320 naturae
862 1253 1035 1336 materialis,
1054 1255 1157 1320 locum
1180 1255 1271 1320 habet
1292 1255 1385 1323 etiam

284 1363 378 1428 simili
398 1365 540 1429 modain
559 1365 705 1430 creaturis
729 1365 959 1451 spiritualibus3
992 1389 1064 1432 nam
1089 1366 1168 1431 sicut
1191 1365 1326 1446 materia,
1344 1365 1388 1430 ita

282 1483 313 1540 et
336 1474 460 1560 spiritus
481 1475 575 1540 habet
598 1498 668 1540 suas
689 1477 772 1562 leges
795 1477 978 1543 necessarior
999 1486 1031 1542 et
1052 1477 1239 1558 essentiales,
1256 1476 1385 1562 ideoque

283 1585 500 1667 immutabiles,
516 1585 685 1652 secundum
704 1610 780 1673 quas
800 1597 940 1654 movetur
959 1588 997 1654 ab
1018 1588 1138 1660 obiecto
1158 1588 1198 1653 ad
1215 1589 1273 1653 hoc
1288 1596 1323 1654 ut
1338 1589 1387 1652 in·

282 1697 402 1783 tellignt
431 1705 463 1762 et
491 1698 649 1777 afficiatur,
679 1720 737 1763 nec
766 1699 895 1764 afficitur
924 1699 987 1764 nisi
1015 1722 1089 1784 erga
1124 1699 1242 1764 bonum
1278 1700 1386 1768 saltem

282 1831 441 1894 apparens,
453 1831 509 1874 nec
523 1817 625 1894 potest
639 1810 716 1874 velle
731 1810 846 1874 malum
861 1819 897 1875 at
912 1811 964 1876 sic.
1009 1811 1157 1876 Attamen
1171 1811 1263 1878 etiam
1278 1811 1385 1890 iubis,

283 1941 351 2004 quac
373 1919 542 1986 secundum
563 1920 663 2006 legem
685 1921 885 1988 necessariam
907 1923 997 2002 fiunt,
1020 1930 1122 2007 potest
1145 1946 1246 1988 cureris
1267 1932 1386 1994 naturae

282 2030 448 2110 immutari,
480 2031 507 2095 si
535 2031 613 2096 actio
642 2031 762 2116 agentis
792 2031 955 2116 superioris
984 2033 1100 2098 ordinis
1130 2041 1240 2118 practer
1268 2043 1386 2100 naturae

283 2142 421 2207 ordinem
435 2141 626 2208 interveniat.

323 2257 378 2320 58.
399 2253 457 2318 Per
471 2254 536 2318 haec
550 2262 675 2340 apparet
687 2253 762 2340 quid
775 2255 1022 2342 respondendum
1035 2255 1074 2321 sit
1089 2256 1137 2336 iis,
1149 2258 1203 2342 qui
1217 2279 1254 2321 ex
1265 2257 1382 2322 stabili-

281 2373 345 2430 tate
359 2365 464 2450 lcgnm
475 2373 592 2430 naturae
606 2365 744 2430 inferunt
755 2366 1032 2452 impossibilitatem
1047 2367 1196 2433 miraculi.
1230 2367 1385 2432 Nimirum

280 2499 344 2540 non
367 2477 465 2542 solum
495 2477 691 2542 concedimus
717 2478 800 2562 leges
822 2487 940 2542 naturae
962 2501 1028 2543 csse
1050 2479 1183 2559 stabiles,
1213 2479 1267 2544 scd
1287 2480 1385 2545 invio·

279 2588 396 2669 labiles,
411 2597 520 2674 utpote
542 2590 717 2654 essentiales
739 2590 831 2654 rebus
845 2591 1036 2656 naturalibus
1051 2617 1058 2657 ι
1082 2590 1135 2655 sed
1150 2613 1298 2676 negamus
1312 2615 1385 2678 sup·

282 2701 429 2785 positum,
454 2700 537 2786 qnod
556 2701 738 2766 miraculum
757 2701 847 2768 violet
869 2701 1001 2788 aliquam
1024 2702 1123 2786 legem
1147 2710 1274 2768 naturae.
1319 2703 1387 2768 Pila

279 2812 439 2896 proiicitur
448 2813 480 2876 in
495 2812 610 2891 altum;
634 2813 719 2877 iuxta
728 2813 829 2897 legem
839 2821 958 2878 natura
969 2813 1061 2879 debet
1074 2796 1206 2882 recidere
1216 2815 1249 2878 in
1261 2823 1383 2896 terram,

281 2923 389 2987 sinon
410 2923 545 2989 inveniat
567 2923 771 2989 obstaculum.
816 2924 851 2988 Si
871 2924 939 3010 quis
957 2933 1060 2989 tamen
1080 2947 1117 2989 ex
1136 2925 1269 2990 fenestra
1290 2926 1384 3012 pilam

280 3032 498 3118 apprehendat,
513 3055 576 3098 non
591 3033 706 3098 recidet
720 3034 752 3098 in
767 3041 890 3114 terram,
907 3033 960 3098 sed
980 3034 1117 3099 manebit
1132 3035 1165 3099 in
1178 3035 1245 3101 lccc
1261 3037 1384 3102 altiore:

279 3154 309 3209 et
335 3167 427 3210 nemo
449 3144 530 3210 dicet
553 3144 658 3213 violari
683 3167 738 3231 per·
761 3146 819 3210 hoc
845 3145 946 3230 legem
971 3145 1153 3224 naturalem,
1169 3145 1222 3210 sed
1243 3146 1386 3232 impediri

280 3277 405 3320 cursum
426 3263 544 3320 naturae
567 3256 741 3322 materialis.
787 3256 854 3321 Iam
878 3257 903 3320 ιι
918 3256 1031 3322 actioni
1044 3256 1196 3341 praedictae
1219 3280 1328 3322 manus
1348 3281 1385 3324 ex

279 3365 412 3430 fenestra
434 3364 603 3430 substituas
627 3365 776 3431 actionem
804 3366 916 3451 angeli,
931 3367 979 3432 vel
1001 3367 1152 3432 actionem
1172 3366 1241 3447 Dei,
1258 3367 1384 3432 habebis

279 3476 421 3543 eumdem
445 3476 605 3543 effectum:
630 3475 834 3562 suspendetur
848 3500 955 3543 cursus
977 3486 1104 3557 naturae,
1120 3477 1174 3542 sed
1188 3478 1274 3542 nullo
1292 3478 1384 3544 modo

278 3586 442 3653 violabitur
464 3588 513 3653 lex
532 3596 659 3655 naturae.
705 3589 770 3653 Lex
791 3589 874 3653 enim
889 3588 989 3654 omnis
1007 3597 1124 3654 naturae
1146 3596 1192 3652 est
1207 3596 1243 3652 ut
1263 3588 1384 3654 obediat

278 3699 391 3764 actioni
413 3699 599 3785 praevalenti.
647 3700 795 3766 Similiter
818 3708 882 3765 tres
908 3700 997 3786 pueri
1019 3700 1053 3764 in
1075 3700 1196 3764 fornace
1218 3699 1384 3786 Babylonis

278 3833 341 3875 non
355 3810 482 3876 fuerunt
497 3811 667 3877 combusti:
690 3835 729 3875 an
744 3811 817 3898 quia
838 3811 919 3896 ignis
934 3811 1055 3876 violavit
1070 3833 1157 3874 suam
1176 3809 1277 3896 legem
1292 3821 1384 3876 natu·

278 3923 397 3987 raleml
412 3945 476 3990 non
491 3945 581 4003 sane3
597 3933 662 3989 erat
673 3924 755 3990 enim
765 3923 856 4009 ignis,
865 3931 898 3988 et
912 3922 1021 4008 agebat
1033 3923 1117 3988 iuxta
1132 3945 1219 3988 suam
1230 3932 1383 3990 naturam.

279 4032 340 4096 Sed
350 4033 436 4098 Dens
447 4045 569 4119 quoque
580 4034 657 4101 vires
668 4034 762 4098 habet
774 4057 844 4100 suas
856 4032 951 4119 (quod
962 4033 1111 4098 increduli
1121 4055 1182 4098 non
1196 4033 1380 4118 negabuntlr

276 4153 306 4205 et
323 4143 401 4207 vires
416 4141 541 4223 viribus,
557 4143 690 4209 actiones
708 4144 879 4208 actionibus
896 4143 1054 4229 opposita,
1071 4143 1118 4208 vel
1138 4143 1204 4208 aliae
1224 4165 1295 4208 cum
1316 4144 1384 4209 aliis

275 4254 459 4340 compositae,
489 4264 619 4341 possunt
646 4256 836 4322 multimodis
861 4264 980 4321 mutare
1003 4264 1144 4320 naturam
1171 4256 1306 4336 effectus,
1329 4255 1383 4341 qui

275 4365 425 4450 dependet
448 4388 510 4431 non
531 4369 569 4432 ab
592 4391 654 4433 una
677 4369 804 4449 actione,
821 4369 874 4434 sed
896 4393 914 4434 a
936 4367 1330 4454 singularumrcsultante,
1346 4377 1382 4434 ut
