<?xml version="1.0" encoding="UTF-8"?>
<!DOCTYPE html PUBLIC "-//W3C//DTD XHTML 1.0 Transitional//EN"
    "http://www.w3.org/TR/xhtml1/DTD/xhtml1-transitional.dtd">
<html xmlns="http://www.w3.org/1999/xhtml" xml:lang="en" lang="en">
 <head>
  <title>
</title>
<meta http-equiv="Content-Type" content="text/html;charset=utf-8" />
  <meta name='ocr-system' content='tesseract 3.04.00' />
  <meta name='ocr-capabilities' content='ocr_page ocr_carea ocr_par ocr_line ocrx_word'/>
</head>
<body>
  <div class='ocr_page' id='page_1' title='image "./realisphilosoph01baymgoog_0246.png"; bbox 0 0 3222 4984; ppageno 0'>
   <div class='ocr_carea' id='block_1_1' title="bbox 240 333 1339 420">
    <p class='ocr_par' dir='ltr' id='par_1_1' title="bbox 240 333 1339 420">
     <span class='ocr_line' id='line_1_1' title="bbox 240 333 1339 420; baseline 0 -22"><span class='ocrx_word' id='word_1_1' title='bbox 240 353 311 400; x_wconf 66' lang='grc' dir='ltr'><strong>οη.</strong></span> <span class='ocrx_word' id='word_1_2' title='bbox 328 335 398 420; x_wconf 90' lang='lat'>111.]</span> <span class='ocrx_word' id='word_1_3' title='bbox 680 357 724 400; x_wconf 86' lang='lat' dir='ltr'><strong>nn</strong></span> <span class='ocrx_word' id='word_1_4' title='bbox 739 355 905 401; x_wconf 78' lang='lat' dir='ltr'><strong>rnurnmo.</strong></span> <span class='ocrx_word' id='word_1_5' title='bbox 1276 333 1339 400; x_wconf 77' lang='lat'><strong>231</strong></span> 
     </span>
    </p>
   </div>
   <div class='ocr_carea' id='block_1_2' title="bbox 239 519 1345 2285">
    <p class='ocr_par' dir='ltr' id='par_1_2' title="bbox 239 519 1342 1055">
     <span class='ocr_line' id='line_1_2' title="bbox 239 519 1340 607; baseline 0 -21"><span class='ocrx_word' id='word_1_6' title='bbox 239 529 346 587; x_wconf 78' lang='lat' dir='ltr'><strong>auctor</strong></span> <span class='ocrx_word' id='word_1_7' title='bbox 367 520 493 586; x_wconf 73' lang='lat' dir='ltr'><strong>inclusit</strong></span> <span class='ocrx_word' id='word_1_8' title='bbox 518 528 630 607; x_wconf 89' lang='lat' dir='ltr'><strong>partes,</strong></span> <span class='ocrx_word' id='word_1_9' title='bbox 655 522 729 607; x_wconf 84' lang='lat' dir='ltr'><strong>quia</strong></span> <span class='ocrx_word' id='word_1_10' title='bbox 752 522 849 587; x_wconf 89' lang='lat' dir='ltr'><strong>voluit</strong></span> <span class='ocrx_word' id='word_1_11' title='bbox 872 521 1002 586; x_wconf 88' lang='lat' dir='ltr'><strong>transire</strong></span> <span class='ocrx_word' id='word_1_12' title='bbox 1026 519 1066 586; x_wconf 85' lang='lat' dir='ltr'><strong>ab</strong></span> <span class='ocrx_word' id='word_1_13' title='bbox 1087 520 1168 585; x_wconf 82' lang='lat' dir='ltr'><strong>altra</strong></span> <span class='ocrx_word' id='word_1_14' title='bbox 1188 520 1272 606; x_wconf 90' lang='lat' dir='ltr'><strong>quod</strong></span> <span class='ocrx_word' id='word_1_15' title='bbox 1293 528 1340 586; x_wconf 91' lang='lat' dir='ltr'><strong>est</strong></span> 
     </span>
     <span class='ocr_line' id='line_1_3' title="bbox 240 630 1342 720; baseline -0.002 -22"><span class='ocrx_word' id='word_1_16' title='bbox 240 642 324 699; x_wconf 77' lang='lat' dir='ltr'><strong>tram</strong></span> <span class='ocrx_word' id='word_1_17' title='bbox 343 633 383 698; x_wconf 88' lang='lat' dir='ltr'><strong>ad</strong></span> <span class='ocrx_word' id='word_1_18' title='bbox 402 635 482 700; x_wconf 82' lang='lat' dir='ltr'><strong>ultra</strong></span> <span class='ocrx_word' id='word_1_19' title='bbox 504 634 588 720; x_wconf 90' lang='lat' dir='ltr'><strong>quod</strong></span> <span class='ocrx_word' id='word_1_20' title='bbox 608 643 656 699; x_wconf 87' lang='lat' dir='ltr'><strong>est</strong></span> <span class='ocrx_word' id='word_1_21' title='bbox 672 642 785 718; x_wconf 76' lang='lat' dir='ltr'><strong>prater</strong></span> <span class='ocrx_word' id='word_1_22' title='bbox 806 633 853 698; x_wconf 88' lang='lat' dir='ltr'><strong>vel</strong></span> <span class='ocrx_word' id='word_1_23' title='bbox 876 641 984 698; x_wconf 74' lang='lat' dir='ltr'><strong>cotra:</strong></span> <span class='ocrx_word' id='word_1_24' title='bbox 1006 641 1038 698; x_wconf 92' lang='lat' dir='ltr'><strong>et</strong></span> <span class='ocrx_word' id='word_1_25' title='bbox 1059 633 1124 697; x_wconf 72' lang='lat' dir='ltr'><strong>haee</strong></span> <span class='ocrx_word' id='word_1_26' title='bbox 1145 630 1342 718; x_wconf 73' lang='lat' dir='ltr'><strong>aequivocatio</strong></span> 
     </span>
     <span class='ocr_line' id='line_1_4' title="bbox 239 742 1340 831; baseline -0.004 -21"><span class='ocrx_word' id='word_1_27' title='bbox 239 753 338 810; x_wconf 91' lang='lat' dir='ltr'><strong>totam</strong></span> <span class='ocrx_word' id='word_1_28' title='bbox 352 745 415 810; x_wconf 89' lang='lat' dir='ltr'><strong>vim</strong></span> <span class='ocrx_word' id='word_1_29' title='bbox 430 746 605 831; x_wconf 88' lang='lat' dir='ltr'><strong>argumenti</strong></span> <span class='ocrx_word' id='word_1_30' title='bbox 616 745 757 810; x_wconf 78' lang='lat' dir='ltr'><strong>destruit.</strong></span> <span class='ocrx_word' id='word_1_31' title='bbox 790 744 1071 810; x_wconf 81' lang='lat' dir='ltr'><strong>Transmisiantem</strong></span> <span class='ocrx_word' id='word_1_32' title='bbox 1080 753 1198 829; x_wconf 84' lang='lat' dir='ltr'><strong>partem</strong></span> <span class='ocrx_word' id='word_1_33' title='bbox 1208 742 1340 822; x_wconf 86' lang='lat' dir='ltr'><strong>maioris,</strong></span> 
     </span>
     <span class='ocr_line' id='line_1_5' title="bbox 241 853 1342 942; baseline -0.003 -21"><span class='ocrx_word' id='word_1_34' title='bbox 241 857 314 941; x_wconf 90' lang='lat' dir='ltr'><strong>quia</strong></span> <span class='ocrx_word' id='word_1_35' title='bbox 341 857 430 936; x_wconf 90' lang='lat' dir='ltr'><strong>illud,</strong></span> <span class='ocrx_word' id='word_1_36' title='bbox 456 865 541 922; x_wconf 84' lang='lat' dir='ltr'><strong>trans</strong></span> <span class='ocrx_word' id='word_1_37' title='bbox 564 856 648 942; x_wconf 90' lang='lat' dir='ltr'><strong>quod</strong></span> <span class='ocrx_word' id='word_1_38' title='bbox 679 856 758 921; x_wconf 87' lang='lat' dir='ltr'><strong>nihil</strong></span> <span class='ocrx_word' id='word_1_39' title='bbox 781 855 866 921; x_wconf 90' lang='lat' dir='ltr'><strong>aliud</strong></span> <span class='ocrx_word' id='word_1_40' title='bbox 890 855 990 937; x_wconf 88' lang='lat' dir='ltr'><strong>datur,</strong></span> <span class='ocrx_word' id='word_1_41' title='bbox 1010 877 1074 920; x_wconf 93' lang='lat' dir='ltr'><strong>non</strong></span> <span class='ocrx_word' id='word_1_42' title='bbox 1103 853 1271 921; x_wconf 87' lang='lat' dir='ltr'><strong>necessario</strong></span> <span class='ocrx_word' id='word_1_43' title='bbox 1293 861 1342 918; x_wconf 91' lang='lat' dir='ltr'><strong>est</strong></span> 
     </span>
     <span class='ocr_line' id='line_1_6' title="bbox 239 966 1045 1055; baseline -0.002 -23"><span class='ocrx_word' id='word_1_44' title='bbox 239 966 395 1048; x_wconf 91' lang='lat' dir='ltr'><strong>ultimum,</strong></span> <span class='ocrx_word' id='word_1_45' title='bbox 412 990 509 1053; x_wconf 87' lang='lat' dir='ltr'><strong>quum</strong></span> <span class='ocrx_word' id='word_1_46' title='bbox 523 969 619 1055; x_wconf 78' lang='lat' dir='ltr'><strong>possit</strong></span> <span class='ocrx_word' id='word_1_47' title='bbox 634 966 730 1053; x_wconf 78' lang='lat' dir='ltr'><strong>accipi</strong></span> <span class='ocrx_word' id='word_1_48' title='bbox 743 968 836 1036; x_wconf 86' lang='lat' dir='ltr'><strong>etiam</strong></span> <span class='ocrx_word' id='word_1_49' title='bbox 849 975 886 1033; x_wconf 90' lang='lat' dir='ltr'><strong>ut</strong></span> <span class='ocrx_word' id='word_1_50' title='bbox 900 967 1045 1053; x_wconf 88' lang='lat' dir='ltr'><strong>primum.</strong></span> 
     </span>
    </p>

    <p class='ocr_par' dir='ltr' id='par_1_3' title="bbox 240 1076 1344 1836">
     <span class='ocr_line' id='line_1_7' title="bbox 284 1076 1340 1164; baseline -0.003 -20"><span class='ocrx_word' id='word_1_51' title='bbox 284 1081 337 1144; x_wconf 82' lang='lat'><strong>39.</strong></span> <span class='ocrx_word' id='word_1_52' title='bbox 364 1081 491 1145; x_wconf 81' lang='lat' dir='ltr'><strong>Obiicies</strong></span> <span class='ocrx_word' id='word_1_53' title='bbox 505 1083 550 1145; x_wconf 86' lang='lat'><strong>4⁰.</strong></span> <span class='ocrx_word' id='word_1_54' title='bbox 583 1079 756 1144; x_wconf 86' lang='lat' dir='ltr'><strong>Multitudo</strong></span> <span class='ocrx_word' id='word_1_55' title='bbox 780 1078 903 1144; x_wconf 88' lang='lat' dir='ltr'><strong>infinita</strong></span> <span class='ocrx_word' id='word_1_56' title='bbox 925 1085 1161 1164; x_wconf 76' lang='lat' dir='ltr'><strong>representatur</strong></span> <span class='ocrx_word' id='word_1_57' title='bbox 1184 1076 1259 1142; x_wconf 84' lang='lat' dir='ltr'><strong>serie</strong></span> <span class='ocrx_word' id='word_1_58' title='bbox 1282 1099 1340 1141; x_wconf 90' lang='lat' dir='ltr'><strong>nu-</strong></span> 
     </span>
     <span class='ocr_line' id='line_1_8' title="bbox 243 1188 1342 1276; baseline -0.003 -21"><span class='ocrx_word' id='word_1_59' title='bbox 243 1213 395 1257; x_wconf 86' lang='lat' dir='ltr'><strong>merorum</strong></span> <span class='ocrx_word' id='word_1_60' title='bbox 411 1191 596 1257; x_wconf 76' lang='lat' dir='ltr'><strong>naturalium</strong></span> <span class='ocrx_word' id='word_1_61' title='bbox 612 1191 645 1255; x_wconf 90' lang='lat' dir='ltr'><strong>in</strong></span> <span class='ocrx_word' id='word_1_62' title='bbox 659 1191 817 1256; x_wconf 87' lang='lat' dir='ltr'><strong>infinitum</strong></span> <span class='ocrx_word' id='word_1_63' title='bbox 839 1190 997 1276; x_wconf 88' lang='lat' dir='ltr'><strong>producta.</strong></span> <span class='ocrx_word' id='word_1_64' title='bbox 1040 1190 1138 1275; x_wconf 87' lang='lat' dir='ltr'><strong>Atqui</strong></span> <span class='ocrx_word' id='word_1_65' title='bbox 1156 1189 1247 1254; x_wconf 88' lang='lat' dir='ltr'><strong>series</strong></span> <span class='ocrx_word' id='word_1_66' title='bbox 1261 1188 1342 1253; x_wconf 89' lang='lat' dir='ltr'><strong>eius-</strong></span> 
     </span>
     <span class='ocr_line' id='line_1_9' title="bbox 243 1300 1344 1388; baseline -0.003 -20"><span class='ocrx_word' id='word_1_67' title='bbox 243 1303 327 1368; x_wconf 90' lang='lat' dir='ltr'><strong>modi</strong></span> <span class='ocrx_word' id='word_1_68' title='bbox 341 1312 388 1368; x_wconf 85' lang='lat' dir='ltr'><strong>eat</strong></span> <span class='ocrx_word' id='word_1_69' title='bbox 403 1302 647 1369; x_wconf 88' lang='lat' dir='ltr'><strong>contradictoria.</strong></span> <span class='ocrx_word' id='word_1_70' title='bbox 690 1303 784 1388; x_wconf 80' lang='lat' dir='ltr'><strong>Ergo.</strong></span> <span class='ocrx_word' id='word_1_71' title='bbox 822 1303 914 1368; x_wconf 90' lang='lat' dir='ltr'><strong>Prob.</strong></span> <span class='ocrx_word' id='word_1_72' title='bbox 929 1302 1006 1367; x_wconf 90' lang='lat' dir='ltr'><strong>min.</strong></span> <span class='ocrx_word' id='word_1_73' title='bbox 1044 1302 1127 1366; x_wconf 91' lang='lat' dir='ltr'><strong>Nam</strong></span> <span class='ocrx_word' id='word_1_74' title='bbox 1141 1302 1175 1366; x_wconf 92' lang='lat' dir='ltr'><strong>in</strong></span> <span class='ocrx_word' id='word_1_75' title='bbox 1189 1302 1246 1366; x_wconf 90' lang='lat' dir='ltr'><strong>hac</strong></span> <span class='ocrx_word' id='word_1_76' title='bbox 1256 1300 1344 1380; x_wconf 86' lang='lat' dir='ltr'><strong>serie,</strong></span> 
     </span>
     <span class='ocr_line' id='line_1_10' title="bbox 243 1412 1344 1500; baseline -0.002 -22"><span class='ocrx_word' id='word_1_77' title='bbox 243 1415 269 1478; x_wconf 88' lang='lat' dir='ltr'><strong>si</strong></span> <span class='ocrx_word' id='word_1_78' title='bbox 283 1423 354 1480; x_wconf 90' lang='lat' dir='ltr'><strong>actu</strong></span> <span class='ocrx_word' id='word_1_79' title='bbox 368 1424 543 1500; x_wconf 79' lang='lat' dir='ltr'><strong>poneretur,</strong></span> <span class='ocrx_word' id='word_1_80' title='bbox 553 1424 656 1480; x_wconf 84' lang='lat' dir='ltr'><strong>essent</strong></span> <span class='ocrx_word' id='word_1_81' title='bbox 670 1415 784 1480; x_wconf 92' lang='lat' dir='ltr'><strong>infiniti</strong></span> <span class='ocrx_word' id='word_1_82' title='bbox 794 1415 914 1480; x_wconf 88' lang='lat' dir='ltr'><strong>numeri</strong></span> <span class='ocrx_word' id='word_1_83' title='bbox 928 1414 1018 1495; x_wconf 90' lang='lat' dir='ltr'><strong>finiti,</strong></span> <span class='ocrx_word' id='word_1_84' title='bbox 1027 1423 1064 1479; x_wconf 92' lang='lat' dir='ltr'><strong>ut</strong></span> <span class='ocrx_word' id='word_1_85' title='bbox 1078 1422 1173 1500; x_wconf 88' lang='lat' dir='ltr'><strong>patet,</strong></span> <span class='ocrx_word' id='word_1_86' title='bbox 1184 1422 1215 1478; x_wconf 91' lang='lat' dir='ltr'><strong>et</strong></span> <span class='ocrx_word' id='word_1_87' title='bbox 1229 1412 1344 1478; x_wconf 87' lang='lat' dir='ltr'><strong>infiniti</strong></span> 
     </span>
     <span class='ocr_line' id='line_1_11' title="bbox 243 1525 1343 1614; baseline -0.004 -21"><span class='ocrx_word' id='word_1_88' title='bbox 243 1529 364 1593; x_wconf 88' lang='lat' dir='ltr'><strong>numeri</strong></span> <span class='ocrx_word' id='word_1_89' title='bbox 378 1529 502 1609; x_wconf 88' lang='lat' dir='ltr'><strong>infiniti,</strong></span> <span class='ocrx_word' id='word_1_90' title='bbox 517 1550 614 1614; x_wconf 90' lang='lat' dir='ltr'><strong>quum</strong></span> <span class='ocrx_word' id='word_1_91' title='bbox 629 1528 663 1592; x_wconf 92' lang='lat' dir='ltr'><strong>in</strong></span> <span class='ocrx_word' id='word_1_92' title='bbox 678 1550 714 1592; x_wconf 88' lang='lat' dir='ltr'><strong>ea</strong></span> <span class='ocrx_word' id='word_1_93' title='bbox 728 1527 939 1613; x_wconf 88' lang='lat' dir='ltr'><strong>concipiantur</strong></span> <span class='ocrx_word' id='word_1_94' title='bbox 952 1526 1067 1592; x_wconf 90' lang='lat' dir='ltr'><strong>infiniti</strong></span> <span class='ocrx_word' id='word_1_95' title='bbox 1089 1526 1209 1591; x_wconf 89' lang='lat' dir='ltr'><strong>numeri</strong></span> <span class='ocrx_word' id='word_1_96' title='bbox 1223 1525 1343 1590; x_wconf 92' lang='lat' dir='ltr'><strong>infinite</strong></span> 
     </span>
     <span class='ocr_line' id='line_1_12' title="bbox 240 1637 1343 1725; baseline -0.003 -20"><span class='ocrx_word' id='word_1_97' title='bbox 240 1640 419 1706; x_wconf 86' lang='lat' dir='ltr'><strong>excedentes</strong></span> <span class='ocrx_word' id='word_1_98' title='bbox 440 1641 601 1706; x_wconf 88' lang='lat' dir='ltr'><strong>unitatem.</strong></span> <span class='ocrx_word' id='word_1_99' title='bbox 649 1640 710 1704; x_wconf 85' lang='lat' dir='ltr'><strong>Sed</strong></span> <span class='ocrx_word' id='word_1_100' title='bbox 731 1639 790 1704; x_wconf 92' lang='lat' dir='ltr'><strong>hoc</strong></span> <span class='ocrx_word' id='word_1_101' title='bbox 808 1647 855 1704; x_wconf 87' lang='lat' dir='ltr'><strong>est</strong></span> <span class='ocrx_word' id='word_1_102' title='bbox 869 1637 1149 1718; x_wconf 86' lang='lat' dir='ltr'><strong>contradictorium,</strong></span> <span class='ocrx_word' id='word_1_103' title='bbox 1164 1638 1237 1725; x_wconf 87' lang='lat' dir='ltr'><strong>quia</strong></span> <span class='ocrx_word' id='word_1_104' title='bbox 1252 1638 1343 1704; x_wconf 88' lang='lat' dir='ltr'><strong>series</strong></span> 
     </span>
     <span class='ocr_line' id='line_1_13' title="bbox 242 1751 896 1836; baseline -0.005 -18"><span class='ocrx_word' id='word_1_105' title='bbox 242 1761 322 1818; x_wconf 90' lang='lat' dir='ltr'><strong>esset</strong></span> <span class='ocrx_word' id='word_1_106' title='bbox 335 1753 493 1817; x_wconf 90' lang='lat' dir='ltr'><strong>finitorum</strong></span> <span class='ocrx_word' id='word_1_107' title='bbox 508 1760 540 1817; x_wconf 89' lang='lat' dir='ltr'><strong>et</strong></span> <span class='ocrx_word' id='word_1_108' title='bbox 553 1751 758 1816; x_wconf 88' lang='lat' dir='ltr'><strong>infinitorum.</strong></span> <span class='ocrx_word' id='word_1_109' title='bbox 801 1751 896 1836; x_wconf 83' lang='lat' dir='ltr'><strong>Ilrgo.</strong></span> 
     </span>
    </p>

    <p class='ocr_par' dir='ltr' id='par_1_4' title="bbox 241 1862 1345 2285">
     <span class='ocr_line' id='line_1_14' title="bbox 285 1862 1345 1950; baseline -0.002 -20"><span class='ocrx_word' id='word_1_110' title='bbox 285 1866 468 1950; x_wconf 85' lang='lat' dir='ltr'><strong>Respondeo</strong></span> <span class='ocrx_word' id='word_1_111' title='bbox 490 1865 601 1950; x_wconf 91' lang='lat' dir='ltr'><strong>primo,</strong></span> <span class='ocrx_word' id='word_1_112' title='bbox 617 1865 643 1928; x_wconf 86' lang='lat' dir='ltr'><strong>si</strong></span> <span class='ocrx_word' id='word_1_113' title='bbox 669 1872 887 1948; x_wconf 80' lang='lat' dir='ltr'><strong>argumentum</strong></span> <span class='ocrx_word' id='word_1_114' title='bbox 912 1862 1065 1948; x_wconf 89' lang='lat' dir='ltr'><strong>probaret,</strong></span> <span class='ocrx_word' id='word_1_115' title='bbox 1079 1862 1200 1950; x_wconf 81' lang='lat' dir='ltr'><strong>tolleret</strong></span> <span class='ocrx_word' id='word_1_116' title='bbox 1222 1885 1345 1929; x_wconf 90' lang='lat' dir='ltr'><strong>omnem</strong></span> 
     </span>
     <span class='ocr_line' id='line_1_15' title="bbox 241 1976 1342 2064; baseline -0.001 -22"><span class='ocrx_word' id='word_1_117' title='bbox 241 1986 423 2064; x_wconf 89' lang='lat' dir='ltr'><strong>conceptum</strong></span> <span class='ocrx_word' id='word_1_118' title='bbox 447 1977 562 2042; x_wconf 91' lang='lat' dir='ltr'><strong>infiniti</strong></span> <span class='ocrx_word' id='word_1_119' title='bbox 586 1977 679 2041; x_wconf 88' lang='lat' dir='ltr'><strong>etiam</strong></span> <span class='ocrx_word' id='word_1_120' title='bbox 702 1976 890 2061; x_wconf 90' lang='lat' dir='ltr'><strong>potentialis,</strong></span> <span class='ocrx_word' id='word_1_121' title='bbox 903 1998 994 2060; x_wconf 89' lang='lat' dir='ltr'><strong>quem</strong></span> <span class='ocrx_word' id='word_1_122' title='bbox 1020 1998 1126 2044; x_wconf 88' lang='lat' dir='ltr'><strong>omnes</strong></span> <span class='ocrx_word' id='word_1_123' title='bbox 1152 1977 1342 2056; x_wconf 71' lang='lat' dir='ltr'><strong>admittunt,</strong></span> 
     </span>
     <span class='ocr_line' id='line_1_16' title="bbox 243 2086 1345 2175; baseline -0.001 -21"><span class='ocrx_word' id='word_1_124' title='bbox 243 2089 386 2175; x_wconf 90' lang='lat' dir='ltr'><strong>probaret</strong></span> <span class='ocrx_word' id='word_1_125' title='bbox 400 2089 483 2154; x_wconf 89' lang='lat' dir='ltr'><strong>enim</strong></span> <span class='ocrx_word' id='word_1_126' title='bbox 498 2111 562 2154; x_wconf 91' lang='lat' dir='ltr'><strong>non</strong></span> <span class='ocrx_word' id='word_1_127' title='bbox 578 2089 679 2154; x_wconf 89' lang='lat' dir='ltr'><strong>solum</strong></span> <span class='ocrx_word' id='word_1_128' title='bbox 695 2088 730 2152; x_wconf 90' lang='lat' dir='ltr'><strong>in</strong></span> <span class='ocrx_word' id='word_1_129' title='bbox 751 2087 873 2152; x_wconf 89' lang='lat' dir='ltr'><strong>infinita</strong></span> <span class='ocrx_word' id='word_1_130' title='bbox 887 2086 1087 2153; x_wconf 88' lang='lat' dir='ltr'><strong>multitudine</strong></span> <span class='ocrx_word' id='word_1_131' title='bbox 1101 2097 1173 2154; x_wconf 86' lang='lat' dir='ltr'><strong>actu</strong></span> <span class='ocrx_word' id='word_1_132' title='bbox 1186 2089 1345 2164; x_wconf 84' lang='lat' dir='ltr'><strong>existente,</strong></span> 
     </span>
     <span class='ocr_line' id='line_1_17' title="bbox 245 2198 1076 2285; baseline -0.001 -19"><span class='ocrx_word' id='word_1_133' title='bbox 245 2200 346 2266; x_wconf 88' lang='lat' dir='ltr'><strong>sedin</strong></span> <span class='ocrx_word' id='word_1_134' title='bbox 368 2201 436 2285; x_wconf 89' lang='lat' dir='ltr'><strong>ipso</strong></span> <span class='ocrx_word' id='word_1_135' title='bbox 450 2209 600 2285; x_wconf 88' lang='lat' dir='ltr'><strong>conceptu</strong></span> <span class='ocrx_word' id='word_1_136' title='bbox 615 2199 700 2264; x_wconf 88' lang='lat' dir='ltr'><strong>illius</strong></span> <span class='ocrx_word' id='word_1_137' title='bbox 714 2221 780 2265; x_wconf 90' lang='lat' dir='ltr'><strong>esse</strong></span> <span class='ocrx_word' id='word_1_138' title='bbox 794 2198 1076 2265; x_wconf 88' lang='lat' dir='ltr'><strong>contradictionem.</strong></span> 
     </span>
    </p>
   </div>
   <div class='ocr_carea' id='block_1_3' title="bbox 244 2310 1346 2510">
    <p class='ocr_par' dir='ltr' id='par_1_5' title="bbox 244 2310 1346 2510">
     <span class='ocr_line' id='line_1_18' title="bbox 288 2310 1345 2398; baseline 0 -21"><span class='ocrx_word' id='word_1_139' title='bbox 288 2313 470 2398; x_wconf 85' lang='lat' dir='ltr'><strong>Respondeo</strong></span> <span class='ocrx_word' id='word_1_140' title='bbox 482 2312 616 2377; x_wconf 89' lang='lat' dir='ltr'><strong>secundo</strong></span> <span class='ocrx_word' id='word_1_141' title='bbox 626 2313 694 2378; x_wconf 73' lang='lat' dir='ltr'><strong>dot.</strong></span> <span class='ocrx_word' id='word_1_142' title='bbox 705 2312 756 2376; x_wconf 88' lang='lat' dir='ltr'><strong>M.</strong></span> <span class='ocrx_word' id='word_1_143' title='bbox 765 2310 933 2376; x_wconf 89' lang='lat' dir='ltr'><strong>multitudo</strong></span> <span class='ocrx_word' id='word_1_144' title='bbox 947 2311 1068 2376; x_wconf 90' lang='lat' dir='ltr'><strong>infinita</strong></span> <span class='ocrx_word' id='word_1_145' title='bbox 1083 2311 1209 2376; x_wconf 90' lang='lat' dir='ltr'><strong>secundi</strong></span> <span class='ocrx_word' id='word_1_146' title='bbox 1219 2311 1345 2392; x_wconf 88' lang='lat' dir='ltr'><strong>ordinis,</strong></span> 
     </span>
     <span class='ocr_line' id='line_1_19' title="bbox 244 2422 1346 2510; baseline 0.001 -22"><span class='ocrx_word' id='word_1_147' title='bbox 244 2447 299 2489; x_wconf 90' lang='lat' dir='ltr'><strong>seu</strong></span> <span class='ocrx_word' id='word_1_148' title='bbox 312 2423 459 2489; x_wconf 90' lang='lat' dir='ltr'><strong>infinities</strong></span> <span class='ocrx_word' id='word_1_149' title='bbox 470 2423 591 2489; x_wconf 89' lang='lat' dir='ltr'><strong>infinita</strong></span> <span class='ocrx_word' id='word_1_150' title='bbox 605 2447 630 2488; x_wconf 90' lang='lat' dir='ltr'><strong>c.</strong></span> <span class='ocrx_word' id='word_1_151' title='bbox 647 2425 708 2503; x_wconf 79' lang='lat' dir='ltr'><strong>M,</strong></span> <span class='ocrx_word' id='word_1_152' title='bbox 720 2422 814 2510; x_wconf 87' lang='lat' dir='ltr'><strong>primi</strong></span> <span class='ocrx_word' id='word_1_153' title='bbox 824 2422 950 2502; x_wconf 84' lang='lat' dir='ltr'><strong>ordinis,</strong></span> <span class='ocrx_word' id='word_1_154' title='bbox 967 2445 1021 2487; x_wconf 90' lang='lat' dir='ltr'><strong>seu</strong></span> <span class='ocrx_word' id='word_1_155' title='bbox 1036 2422 1214 2508; x_wconf 89' lang='lat' dir='ltr'><strong>simpliciter</strong></span> <span class='ocrx_word' id='word_1_156' title='bbox 1225 2424 1346 2490; x_wconf 89' lang='lat' dir='ltr'><strong>infinita</strong></span> 
     </span>
    </p>
   </div>
   <div class='ocr_carea' id='block_1_4' title="bbox 242 2535 1348 4407">
    <p class='ocr_par' dir='ltr' id='par_1_6' title="bbox 242 2535 1346 3737">
     <span class='ocr_line' id='line_1_20' title="bbox 243 2535 1345 2620; baseline 0.003 -21"><span class='ocrx_word' id='word_1_157' title='bbox 243 2559 274 2601; x_wconf 82' lang='lat' dir='ltr'><strong>a.</strong></span> <span class='ocrx_word' id='word_1_158' title='bbox 289 2537 339 2601; x_wconf 88' lang='lat' dir='ltr'><strong>M.</strong></span> <span class='ocrx_word' id='word_1_159' title='bbox 355 2545 387 2602; x_wconf 92' lang='lat' dir='ltr'><strong>et</strong></span> <span class='ocrx_word' id='word_1_160' title='bbox 410 2559 440 2600; x_wconf 81' lang='lat' dir='ltr'><strong>n.</strong></span> <span class='ocrx_word' id='word_1_161' title='bbox 460 2539 530 2602; x_wconf 82' lang='lat' dir='ltr'><strong>mia.</strong></span> <span class='ocrx_word' id='word_1_162' title='bbox 586 2535 638 2600; x_wconf 89' lang='lat' dir='ltr'><strong>Ad</strong></span> <span class='ocrx_word' id='word_1_163' title='bbox 659 2536 870 2620; x_wconf 78' lang='lat' dir='ltr'><strong>probationem</strong></span> <span class='ocrx_word' id='word_1_164' title='bbox 889 2558 914 2600; x_wconf 90' lang='lat' dir='ltr'><strong>c.</strong></span> <span class='ocrx_word' id='word_1_165' title='bbox 931 2536 980 2599; x_wconf 91' lang='lat' dir='ltr'><strong>M.</strong></span> <span class='ocrx_word' id='word_1_166' title='bbox 996 2559 1026 2600; x_wconf 81' lang='lat' dir='ltr'><strong>a.</strong></span> <span class='ocrx_word' id='word_1_167' title='bbox 1045 2538 1116 2600; x_wconf 82' lang='lat' dir='ltr'><strong>min.</strong></span> <span class='ocrx_word' id='word_1_168' title='bbox 1136 2535 1177 2600; x_wconf 89' lang='lat' dir='ltr'><strong>ad</strong></span> <span class='ocrx_word' id='word_1_169' title='bbox 1195 2538 1345 2602; x_wconf 87' lang='lat' dir='ltr'><strong>rationem</strong></span> 
     </span>
     <span class='ocr_line' id='line_1_21' title="bbox 243 2647 1343 2732; baseline 0.002 -20"><span class='ocrx_word' id='word_1_170' title='bbox 243 2648 380 2727; x_wconf 88' lang='lat' dir='ltr'><strong>additam</strong></span> <span class='ocrx_word' id='word_1_171' title='bbox 389 2649 458 2714; x_wconf 78' lang='lat' dir='ltr'><strong>diat.</strong></span> <span class='ocrx_word' id='word_1_172' title='bbox 467 2649 501 2714; x_wconf 92' lang='lat' dir='ltr'><strong>id</strong></span> <span class='ocrx_word' id='word_1_173' title='bbox 511 2657 559 2714; x_wconf 88' lang='lat' dir='ltr'><strong>est</strong></span> <span class='ocrx_word' id='word_1_174' title='bbox 569 2648 695 2713; x_wconf 88' lang='lat' dir='ltr'><strong>termini</strong></span> <span class='ocrx_word' id='word_1_175' title='bbox 710 2648 797 2714; x_wconf 89' lang='lat' dir='ltr'><strong>seriei</strong></span> <span class='ocrx_word' id='word_1_176' title='bbox 806 2647 954 2713; x_wconf 90' lang='lat' dir='ltr'><strong>habentes</strong></span> <span class='ocrx_word' id='word_1_177' title='bbox 969 2648 1214 2732; x_wconf 72' lang='lat' dir='ltr'><strong>magnitudinem</strong></span> <span class='ocrx_word' id='word_1_178' title='bbox 1225 2649 1343 2714; x_wconf 91' lang='lat' dir='ltr'><strong>finitam</strong></span> 
     </span>
     <span class='ocr_line' id='line_1_22' title="bbox 243 2759 1345 2844; baseline 0.003 -21"><span class='ocrx_word' id='word_1_179' title='bbox 243 2759 391 2824; x_wconf 89' lang='lat' dir='ltr'><strong>haberent</strong></span> <span class='ocrx_word' id='word_1_180' title='bbox 415 2759 661 2844; x_wconf 84' lang='lat' dir='ltr'><strong>magnitudinem</strong></span> <span class='ocrx_word' id='word_1_181' title='bbox 678 2759 833 2823; x_wconf 88' lang='lat' dir='ltr'><strong>infinitam</strong></span> <span class='ocrx_word' id='word_1_182' title='bbox 848 2782 923 2843; x_wconf 71' lang='lat' dir='ltr'><strong>nep,</strong></span> <span class='ocrx_word' id='word_1_183' title='bbox 939 2759 971 2824; x_wconf 94' lang='lat' dir='ltr'><strong>id</strong></span> <span class='ocrx_word' id='word_1_184' title='bbox 993 2768 1040 2823; x_wconf 88' lang='lat' dir='ltr'><strong>est</strong></span> <span class='ocrx_word' id='word_1_185' title='bbox 1062 2759 1154 2824; x_wconf 87' lang='lat' dir='ltr'><strong>series</strong></span> <span class='ocrx_word' id='word_1_186' title='bbox 1175 2761 1345 2826; x_wconf 87' lang='lat' dir='ltr'><strong>contineret</strong></span> 
     </span>
     <span class='ocr_line' id='line_1_23' title="bbox 244 2869 1344 2939; baseline 0.005 -5"><span class='ocrx_word' id='word_1_187' title='bbox 244 2893 338 2935; x_wconf 90' lang='lat' dir='ltr'><strong>uuam</strong></span> <span class='ocrx_word' id='word_1_188' title='bbox 361 2869 591 2936; x_wconf 88' lang='lat' dir='ltr'><strong>infinitudinem</strong></span> <span class='ocrx_word' id='word_1_189' title='bbox 620 2870 780 2935; x_wconf 87' lang='lat' dir='ltr'><strong>finitorum</strong></span> <span class='ocrx_word' id='word_1_190' title='bbox 809 2878 841 2936; x_wconf 89' lang='lat' dir='ltr'><strong>et</strong></span> <span class='ocrx_word' id='word_1_191' title='bbox 866 2869 957 2934; x_wconf 91' lang='lat' dir='ltr'><strong>aliam</strong></span> <span class='ocrx_word' id='word_1_192' title='bbox 986 2870 1179 2935; x_wconf 90' lang='lat' dir='ltr'><strong>infinitorum</strong></span> <span class='ocrx_word' id='word_1_193' title='bbox 1209 2894 1288 2938; x_wconf 81' lang='lat' dir='ltr'><strong>eone.</strong></span> <span class='ocrx_word' id='word_1_194' title='bbox 1312 2882 1344 2939; x_wconf 89' lang='lat' dir='ltr'><strong>et</strong></span> 
     </span>
     <span class='ocr_line' id='line_1_24' title="bbox 244 2980 1345 3069; baseline 0.004 -21"><span class='ocrx_word' id='word_1_195' title='bbox 244 3007 274 3048; x_wconf 80' lang='lat' dir='ltr'><strong>a.</strong></span> <span class='ocrx_word' id='word_1_196' title='bbox 297 3005 375 3047; x_wconf 80' lang='lat' dir='ltr'><strong>eoae.</strong></span> <span class='ocrx_word' id='word_1_197' title='bbox 435 2981 528 3046; x_wconf 86' lang='lat' dir='ltr'><strong>Ratio</strong></span> <span class='ocrx_word' id='word_1_198' title='bbox 554 2981 761 3047; x_wconf 87' lang='lat' dir='ltr'><strong>distinotionis</strong></span> <span class='ocrx_word' id='word_1_199' title='bbox 783 2989 840 3060; x_wconf 90' lang='lat' dir='ltr'><strong>est,</strong></span> <span class='ocrx_word' id='word_1_200' title='bbox 867 2982 939 3066; x_wconf 89' lang='lat' dir='ltr'><strong>qnia</strong></span> <span class='ocrx_word' id='word_1_201' title='bbox 975 2980 1144 3047; x_wconf 86' lang='lat' dir='ltr'><strong>multitudo</strong></span> <span class='ocrx_word' id='word_1_202' title='bbox 1167 2981 1345 3069; x_wconf 85' lang='lat' dir='ltr'><strong>simpliciter</strong></span> 
     </span>
     <span class='ocr_line' id='line_1_25' title="bbox 242 3092 1344 3178; baseline 0.002 -20"><span class='ocrx_word' id='word_1_203' title='bbox 242 3095 363 3160; x_wconf 90' lang='lat' dir='ltr'><strong>infinita</strong></span> <span class='ocrx_word' id='word_1_204' title='bbox 371 3101 608 3178; x_wconf 86' lang='lat' dir='ltr'><strong>repraesentatur</strong></span> <span class='ocrx_word' id='word_1_205' title='bbox 619 3093 819 3158; x_wconf 89' lang='lat' dir='ltr'><strong>multitudine</strong></span> <span class='ocrx_word' id='word_1_206' title='bbox 828 3092 985 3167; x_wconf 84' lang='lat' dir='ltr'><strong>unitatum</strong></span> <span class='ocrx_word' id='word_1_207' title='bbox 996 3094 1052 3164; x_wconf 85' lang='grc'>1-1-</span> <span class='ocrx_word' id='word_1_208' title='bbox 1062 3095 1143 3166; x_wconf 88' lang='grc' dir='ltr'>1-Ι-1</span> <span class='ocrx_word' id='word_1_209' title='bbox 1154 3105 1184 3166; x_wconf 82' lang='grc' dir='ltr'><strong>-Ι-</strong></span> <span class='ocrx_word' id='word_1_210' title='bbox 1193 3099 1209 3160; x_wconf 93' lang='grc'>1</span> <span class='ocrx_word' id='word_1_211' title='bbox 1219 3107 1250 3168; x_wconf 83' lang='lat'>÷</span> <span class='ocrx_word' id='word_1_212' title='bbox 1269 3143 1298 3163; x_wconf 87' lang='lat'><strong>..</strong></span> <span class='ocrx_word' id='word_1_213' title='bbox 1313 3146 1321 3162; x_wconf 88' lang='lat'><strong>.</strong></span> <span class='ocrx_word' id='word_1_214' title='bbox 1336 3146 1344 3164; x_wconf 90' lang='lat'><strong>.</strong></span> 
     </span>
     <span class='ocr_line' id='line_1_26' title="bbox 243 3204 1252 3279; baseline 0.001 -9"><span class='ocrx_word' id='word_1_215' title='bbox 243 3229 306 3270; x_wconf 91' lang='lat' dir='ltr'><strong>non</strong></span> <span class='ocrx_word' id='word_1_216' title='bbox 329 3204 529 3270; x_wconf 90' lang='lat' dir='ltr'><strong>multitudine</strong></span> <span class='ocrx_word' id='word_1_217' title='bbox 551 3227 750 3270; x_wconf 87' lang='lat' dir='ltr'><strong>numerorum</strong></span> <span class='ocrx_word' id='word_1_218' title='bbox 773 3204 974 3270; x_wconf 89' lang='lat' dir='ltr'><strong>crescentium</strong></span> <span class='ocrx_word' id='word_1_219' title='bbox 997 3206 1252 3279; x_wconf 77' lang='lat'>1÷2÷3÷4÷</span> 
     </span>
     <span class='ocr_line' id='line_1_27' title="bbox 243 3315 1345 3404; baseline 0.001 -20"><span class='ocrx_word' id='word_1_220' title='bbox 243 3321 327 3404; x_wconf 79' lang='lat' dir='ltr'><strong>Ergo</strong></span> <span class='ocrx_word' id='word_1_221' title='bbox 347 3317 514 3382; x_wconf 87' lang='lat' dir='ltr'><strong>multitudo</strong></span> <span class='ocrx_word' id='word_1_222' title='bbox 537 3316 715 3402; x_wconf 88' lang='lat' dir='ltr'><strong>simpliciter</strong></span> <span class='ocrx_word' id='word_1_223' title='bbox 734 3315 856 3380; x_wconf 88' lang='lat' dir='ltr'><strong>infinita</strong></span> <span class='ocrx_word' id='word_1_224' title='bbox 877 3315 955 3380; x_wconf 92' lang='lat' dir='ltr'><strong>nihil</strong></span> <span class='ocrx_word' id='word_1_225' title='bbox 976 3315 1069 3380; x_wconf 91' lang='lat' dir='ltr'><strong>hahet</strong></span> <span class='ocrx_word' id='word_1_226' title='bbox 1091 3337 1254 3383; x_wconf 89' lang='lat' dir='ltr'><strong>commune</strong></span> <span class='ocrx_word' id='word_1_227' title='bbox 1274 3342 1345 3385; x_wconf 90' lang='lat' dir='ltr'><strong>cnm</strong></span> 
     </span>
     <span class='ocr_line' id='line_1_28' title="bbox 244 3426 1346 3513; baseline -0.001 -17"><span class='ocrx_word' id='word_1_228' title='bbox 244 3431 364 3496; x_wconf 89' lang='lat' dir='ltr'><strong>infinita</strong></span> <span class='ocrx_word' id='word_1_229' title='bbox 374 3429 449 3495; x_wconf 89' lang='lat' dir='ltr'><strong>serie</strong></span> <span class='ocrx_word' id='word_1_230' title='bbox 461 3451 660 3495; x_wconf 88' lang='lat' dir='ltr'><strong>numerorum</strong></span> <span class='ocrx_word' id='word_1_231' title='bbox 671 3426 868 3493; x_wconf 87' lang='lat' dir='ltr'><strong>naturalium.</strong></span> <span class='ocrx_word' id='word_1_232' title='bbox 912 3426 954 3490; x_wconf 86' lang='lat' dir='ltr'><strong>Ilt</strong></span> <span class='ocrx_word' id='word_1_233' title='bbox 964 3426 1035 3512; x_wconf 88' lang='lat' dir='ltr'><strong>quia</strong></span> <span class='ocrx_word' id='word_1_234' title='bbox 1044 3434 1110 3490; x_wconf 90' lang='lat' dir='ltr'><strong>tota</strong></span> <span class='ocrx_word' id='word_1_235' title='bbox 1121 3431 1346 3513; x_wconf 86' lang='lat' dir='ltr'><strong>argumentatio</strong></span> 
     </span>
     <span class='ocr_line' id='line_1_29' title="bbox 245 3539 1346 3627; baseline 0.003 -21"><span class='ocrx_word' id='word_1_236' title='bbox 245 3543 309 3608; x_wconf 88' lang='lat' dir='ltr'><strong>haee</strong></span> <span class='ocrx_word' id='word_1_237' title='bbox 330 3543 364 3607; x_wconf 94' lang='lat' dir='ltr'><strong>in</strong></span> <span class='ocrx_word' id='word_1_238' title='bbox 386 3542 462 3606; x_wconf 88' lang='lat' dir='ltr'><strong>serie</strong></span> <span class='ocrx_word' id='word_1_239' title='bbox 483 3563 684 3606; x_wconf 89' lang='lat' dir='ltr'><strong>numerorum</strong></span> <span class='ocrx_word' id='word_1_240' title='bbox 705 3539 893 3605; x_wconf 88' lang='lat' dir='ltr'><strong>naturalium</strong></span> <span class='ocrx_word' id='word_1_241' title='bbox 908 3539 1065 3619; x_wconf 84' lang='lat' dir='ltr'><strong>fundatur,</strong></span> <span class='ocrx_word' id='word_1_242' title='bbox 1081 3561 1116 3603; x_wconf 89' lang='lat' dir='ltr'><strong>ea</strong></span> <span class='ocrx_word' id='word_1_243' title='bbox 1137 3539 1215 3605; x_wconf 93' lang='lat' dir='ltr'><strong>nihil</strong></span> <span class='ocrx_word' id='word_1_244' title='bbox 1237 3543 1346 3627; x_wconf 88' lang='lat' dir='ltr'><strong>probat</strong></span> 
     </span>
     <span class='ocr_line' id='line_1_30' title="bbox 244 3649 1167 3737; baseline 0 -21"><span class='ocrx_word' id='word_1_245' title='bbox 244 3660 350 3716; x_wconf 88' lang='lat' dir='ltr'><strong>eontra</strong></span> <span class='ocrx_word' id='word_1_246' title='bbox 364 3651 597 3737; x_wconf 89' lang='lat' dir='ltr'><strong>possibilitatem</strong></span> <span class='ocrx_word' id='word_1_247' title='bbox 612 3649 821 3716; x_wconf 88' lang='lat' dir='ltr'><strong>multitudinis</strong></span> <span class='ocrx_word' id='word_1_248' title='bbox 836 3649 1014 3735; x_wconf 87' lang='lat' dir='ltr'><strong>simpliciter</strong></span> <span class='ocrx_word' id='word_1_249' title='bbox 1027 3649 1167 3716; x_wconf 78' lang='lat' dir='ltr'><strong>infinitae.</strong></span> 
     </span>
    </p>

    <p class='ocr_par' dir='ltr' id='par_1_7' title="bbox 242 3761 1348 4407">
     <span class='ocr_line' id='line_1_31' title="bbox 291 3761 1346 3848; baseline 0.002 -20"><span class='ocrx_word' id='word_1_250' title='bbox 291 3762 353 3828; x_wconf 86' lang='lat' dir='ltr'><strong>Sed</strong></span> <span class='ocrx_word' id='word_1_251' title='bbox 369 3784 470 3848; x_wconf 86' lang='lat' dir='ltr'><strong>neque</strong></span> <span class='ocrx_word' id='word_1_252' title='bbox 490 3761 605 3848; x_wconf 90' lang='lat' dir='ltr'><strong>aliquid</strong></span> <span class='ocrx_word' id='word_1_253' title='bbox 623 3761 733 3848; x_wconf 87' lang='lat' dir='ltr'><strong>probat</strong></span> <span class='ocrx_word' id='word_1_254' title='bbox 748 3770 854 3828; x_wconf 86' lang='lat' dir='ltr'><strong>contra</strong></span> <span class='ocrx_word' id='word_1_255' title='bbox 868 3761 1101 3826; x_wconf 90' lang='lat' dir='ltr'><strong>multitudinem</strong></span> <span class='ocrx_word' id='word_1_256' title='bbox 1116 3762 1262 3828; x_wconf 89' lang='lat' dir='ltr'><strong>infinities</strong></span> <span class='ocrx_word' id='word_1_257' title='bbox 1276 3765 1346 3831; x_wconf 90' lang='lat' dir='ltr'><strong>infi-</strong></span> 
     </span>
     <span class='ocr_line' id='line_1_32' title="bbox 247 3872 1347 3959; baseline 0.005 -21"><span class='ocrx_word' id='word_1_258' title='bbox 247 3874 345 3938; x_wconf 89' lang='lat' dir='ltr'><strong>nitam</strong></span> <span class='ocrx_word' id='word_1_259' title='bbox 353 3899 363 3953; x_wconf 90' lang='lat'>;</span> <span class='ocrx_word' id='word_1_260' title='bbox 379 3895 529 3959; x_wconf 88' lang='lat' dir='ltr'><strong>apparens</strong></span> <span class='ocrx_word' id='word_1_261' title='bbox 543 3873 626 3938; x_wconf 88' lang='lat' dir='ltr'><strong>enim</strong></span> <span class='ocrx_word' id='word_1_262' title='bbox 640 3872 841 3939; x_wconf 86' lang='lat' dir='ltr'><strong>contradictio</strong></span> <span class='ocrx_word' id='word_1_263' title='bbox 854 3872 943 3938; x_wconf 81' lang='lat' dir='ltr'><strong>facila</strong></span> <span class='ocrx_word' id='word_1_264' title='bbox 957 3873 1135 3958; x_wconf 85' lang='lat' dir='ltr'><strong>explicatur.</strong></span> <span class='ocrx_word' id='word_1_265' title='bbox 1179 3874 1304 3941; x_wconf 86' lang='lat' dir='ltr'><strong>Iltenim</strong></span> <span class='ocrx_word' id='word_1_266' title='bbox 1313 3877 1347 3944; x_wconf 94' lang='lat' dir='ltr'><strong>in</strong></span> 
     </span>
     <span class='ocr_line' id='line_1_33' title="bbox 245 3983 1346 4069; baseline 0.005 -19"><span class='ocrx_word' id='word_1_267' title='bbox 245 3985 367 4050; x_wconf 87' lang='lat' dir='ltr'><strong>infinita</strong></span> <span class='ocrx_word' id='word_1_268' title='bbox 387 3983 464 4049; x_wconf 88' lang='lat' dir='ltr'><strong>serie</strong></span> <span class='ocrx_word' id='word_1_269' title='bbox 485 4007 685 4050; x_wconf 89' lang='lat' dir='ltr'><strong>numerorum</strong></span> <span class='ocrx_word' id='word_1_270' title='bbox 704 3985 891 4050; x_wconf 87' lang='lat' dir='ltr'><strong>naturalium</strong></span> <span class='ocrx_word' id='word_1_271' title='bbox 915 3984 1030 4069; x_wconf 75' lang='lat' dir='ltr'><strong>gradum</strong></span> <span class='ocrx_word' id='word_1_272' title='bbox 1057 3984 1219 4052; x_wconf 87' lang='lat' dir='ltr'><strong>cardinalis</strong></span> <span class='ocrx_word' id='word_1_273' title='bbox 1238 3989 1346 4055; x_wconf 88' lang='lat' dir='ltr'><strong>eodem</strong></span> 
     </span>
     <span class='ocr_line' id='line_1_34' title="bbox 244 4095 1348 4184; baseline 0.005 -22"><span class='ocrx_word' id='word_1_274' title='bbox 244 4097 336 4163; x_wconf 90' lang='lat' dir='ltr'><strong>modo</strong></span> <span class='ocrx_word' id='word_1_275' title='bbox 359 4095 467 4161; x_wconf 91' lang='lat' dir='ltr'><strong>crescit</strong></span> <span class='ocrx_word' id='word_1_276' title='bbox 492 4119 528 4162; x_wconf 86' lang='lat' dir='ltr'><strong>ac</strong></span> <span class='ocrx_word' id='word_1_277' title='bbox 553 4096 667 4180; x_wconf 71' lang='lat' dir='ltr'><strong>gradus</strong></span> <span class='ocrx_word' id='word_1_278' title='bbox 686 4097 843 4177; x_wconf 84' lang='lat' dir='ltr'><strong>ordinalia,</strong></span> <span class='ocrx_word' id='word_1_279' title='bbox 866 4105 898 4161; x_wconf 89' lang='lat' dir='ltr'><strong>et</strong></span> <span class='ocrx_word' id='word_1_280' title='bbox 923 4096 1003 4160; x_wconf 86' lang='lat' dir='ltr'><strong>sicut</strong></span> <span class='ocrx_word' id='word_1_281' title='bbox 1027 4096 1130 4161; x_wconf 86' lang='lat' dir='ltr'><strong>unitas</strong></span> <span class='ocrx_word' id='word_1_282' title='bbox 1156 4106 1204 4162; x_wconf 88' lang='lat' dir='ltr'><strong>eat</strong></span> <span class='ocrx_word' id='word_1_283' title='bbox 1229 4100 1348 4184; x_wconf 86' lang='lat' dir='ltr'><strong>primus</strong></span> 
     </span>
     <span class='ocr_line' id='line_1_35' title="bbox 242 4207 1345 4295; baseline 0.004 -21"><span class='ocrx_word' id='word_1_284' title='bbox 242 4210 404 4288; x_wconf 83' lang='lat' dir='ltr'><strong>terminus,</strong></span> <span class='ocrx_word' id='word_1_285' title='bbox 420 4208 630 4272; x_wconf 88' lang='lat' dir='ltr'><strong>centenarium</strong></span> <span class='ocrx_word' id='word_1_286' title='bbox 653 4208 849 4288; x_wconf 89' lang='lat' dir='ltr'><strong>centesimus,</strong></span> <span class='ocrx_word' id='word_1_287' title='bbox 864 4207 1070 4273; x_wconf 86' lang='lat' dir='ltr'><strong>millenarium</strong></span> <span class='ocrx_word' id='word_1_288' title='bbox 1084 4208 1277 4292; x_wconf 89' lang='lat' dir='ltr'><strong>millesimus,</strong></span> <span class='ocrx_word' id='word_1_289' title='bbox 1292 4214 1345 4295; x_wconf 92' lang='lat' dir='ltr'><strong>ita,</strong></span> 
     </span>
     <span class='ocr_line' id='line_1_36' title="bbox 243 4320 1347 4407; baseline 0.004 -21"><span class='ocrx_word' id='word_1_290' title='bbox 243 4322 269 4386; x_wconf 86' lang='lat' dir='ltr'><strong>si</strong></span> <span class='ocrx_word' id='word_1_291' title='bbox 287 4343 446 4407; x_wconf 86' lang='lat' dir='ltr'><strong>possemus</strong></span> <span class='ocrx_word' id='word_1_292' title='bbox 462 4320 590 4406; x_wconf 82' lang='lat' dir='ltr'><strong>positive</strong></span> <span class='ocrx_word' id='word_1_293' title='bbox 613 4321 788 4406; x_wconf 86' lang='lat' dir='ltr'><strong>pertingere</strong></span> <span class='ocrx_word' id='word_1_294' title='bbox 807 4321 847 4386; x_wconf 91' lang='lat' dir='ltr'><strong>ad</strong></span> <span class='ocrx_word' id='word_1_295' title='bbox 864 4321 1032 4400; x_wconf 90' lang='lat' dir='ltr'><strong>infinitum,</strong></span> <span class='ocrx_word' id='word_1_296' title='bbox 1048 4320 1230 4388; x_wconf 87' lang='lat' dir='ltr'><strong>haberemus</strong></span> <span class='ocrx_word' id='word_1_297' title='bbox 1244 4324 1347 4390; x_wconf 91' lang='lat' dir='ltr'><strong>infini-</strong></span> 
     </span>
    </p>
   </div>
   <div class='ocr_carea' id='block_1_5' title="bbox 0 0 1622 4984">
    <p class='ocr_par' dir='ltr' id='par_1_8' title="bbox 0 0 1622 4984">
     <span class='ocr_line' id='line_1_37' title="bbox 0 0 1622 4984; baseline 0 0"><span class='ocrx_word' id='word_1_298' title='bbox 0 0 1622 4984; x_wconf 95' lang='lat' dir='ltr'><strong> </strong></span> 
     </span>
    </p>
   </div>
  </div>
 </body>
</html>
