3186 4982
200 405 275 452 cer.
291 385 363 471 rm]
574 404 680 450 merx
695 404 932 450 ouronoerous.
1237 385 1303 449 309

200 568 299 624 hebere
315 568 444 624 unitatem
458 568 566 624 actimeir
577 585 613 624 ex
629 567 788 624 inteneitete
803 572 833 623 et
849 567 997 625 directione
1007 567 1199 638 msultentem3
1216 568 1257 623 ite
1274 573 1307 623 ut

199 654 289 710 unitos
301 654 416 711 sotionis
428 654 462 710 eb
473 655 533 726 ipse
543 653 714 710 substantiali
731 655 836 710 unitate
848 654 954 727 agentis
965 654 1002 710 sit
1017 655 1171 728 repetenda
1207 653 1304 727 Iteque

199 743 317 797 seeundo
334 742 473 815 proprium
489 747 532 796 est
546 741 665 798 cuiusvis
681 741 841 797 substantioe
856 740 960 797 ratione
973 741 1021 797 'sui
1038 741 1231 814 complementi
1242 743 1306 798 dere

202 828 337 882 ectualem
348 828 484 883 unitatem
495 827 597 882 ectioni
609 832 641 883 ut
658 845 693 882 ex
704 845 733 883 se
744 827 904 902 prodeuuu'3
922 829 995 884 unde
1006 828 1031 884 si
1045 845 1131 884 unum
1142 828 1308 884 elementum

200 912 320 968 materiae
336 917 401 985 eget
416 913 446 968 in
463 913 542 986 pluro
558 913 810 986 quomodocumque
828 915 858 968 in
875 913 964 987 spetio
979 914 1077 987 posite,
1089 914 1161 970 ectio
1181 914 1233 970 erit
1250 931 1306 969 una

200 1001 311 1056 meliten
319 1017 355 1056 ex
365 1007 442 1073 perte
459 999 572 1073 agentis,
584 1000 650 1056 lieet
660 1000 850 1056 denominetur
864 1000 1015 1056 formaliter
1027 1001 1172 1074 multiplex
1184 1019 1219 1057 ex
1229 1005 1307 1074 parte

200 1087 378 1149 terminorum
389 1088 419 1143 in
436 1087 534 1160 quibus
551 1088 587 1143 ed
597 1087 711 1144 modum
723 1088 855 1161 passionis
866 1088 1004 1162 recipitur,
1016 1093 1045 1144 et
1061 1089 1148 1144 maior
1157 1088 1203 1145 vel
1219 1089 1308 1145 minor

200 1178 282 1246 prout
299 1174 429 1246 recipitur
439 1174 526 1247 megis
537 1174 583 1230 rel
599 1173 690 1230 minus
704 1172 853 1229 seeundum
867 1172 957 1246 legem
973 1173 1169 1231 distantiarum.
1205 1176 1309 1232 Contra

201 1261 335 1316 resultans
351 1261 501 1317 multorum
519 1260 657 1316 ectionum
669 1277 725 1315 non
743 1265 786 1316 est
803 1277 859 1315 une
874 1265 956 1334 prout
972 1261 1094 1334 prooedit
1106 1261 1139 1317 eb
1158 1261 1308 1336 egentibus,

201 1348 250 1404 sed
261 1353 369 1404 tentum
380 1353 462 1422 prout
473 1348 503 1403 in
514 1365 570 1402 uno
581 1348 719 1422 recipitur,
730 1355 763 1403 ut
774 1365 847 1402 nunc
858 1347 981 1404 dicemus
993 1347 1043 1420 (IL
1055 1365 1082 1403 m
1096 1348 1154 1420 61).

237 1436 280 1491 89.
299 1434 378 1491 Sicut
396 1435 549 1492 substantie
569 1435 671 1490 ratim
687 1435 798 1490 domini
812 1439 855 1490 eet
871 1434 1026 1507 susceptiva
1036 1435 1167 1506 parem
1183 1434 1308 1490 habentis

202 1519 388 1576 intensitatem
406 1525 435 1575 et
452 1520 636 1589 directionem,
649 1520 690 1576 ite
706 1520 845 1593 proprium
862 1525 904 1575 est
921 1519 1050 1591 eiusdem,
1062 1520 1167 1576 ratione
1188 1519 1308 1592 comple-

188 1675 189 1678 Ἴ
202 1607 297 1676 menti,
309 1607 408 1664 hebere
424 1608 551 1662 onimium
568 1613 653 1662 metue
670 1624 705 1661 ex
721 1606 867 1662 velocitate
884 1612 914 1662 et
932 1605 1079 1662 directione
1096 1611 1206 1679 recepte
1222 1605 1309 1661 reeul-

202 1699 323 1750 tentem:
345 1694 385 1750 ite
402 1699 435 1748 ut
454 1695 545 1748 unitas
564 1692 696 1767 pensionis
714 1697 744 1748 et
762 1697 854 1748 motus
873 1691 907 1748 eb
929 1692 1036 1748 unitate
1053 1692 1114 1766 ipse
1136 1691 1310 1748 substentieli

202 1780 331 1854 patientis
340 1780 380 1835 sit
395 1780 547 1852 repetenda
584 1778 676 1845 Quare
692 1777 799 1834 etiamsi
811 1795 897 1833 unum
908 1778 1073 1834 elementum
1090 1779 1211 1835 meterius
1227 1778 1310 1834 simul

203 1871 343 1922 moveetur
355 1884 371 1921 a
382 1867 503 1939 pluribus
515 1865 665 1939 agentibus,
678 1883 733 1920 non
749 1865 850 1937 poterit
863 1865 916 1920 nisi
929 1884 1011 1920 uuum
1022 1872 1121 1920 motum
1132 1867 1310 1922 resultantem

203 1954 337 2027 recipere3
359 1953 431 2026 quie,
452 1953 567 2025 siquod
586 1956 712 2009 movetur
731 1956 774 2008 est
793 1969 887 2022 unum,
907 1969 1002 2008 omnes
1021 1953 1155 2009 motiones¹
1174 1953 1204 2008 in
1222 1969 1310 2007 unum

202 2047 309 2096 motum
320 2041 482 2114 conspirent.
517 2040 593 2095 Hinc
600 2040 734 2096 resultans
745 2039 884 2094 actionum
894 2040 924 2094 in
935 2039 995 2112 ipso
1005 2045 1114 2095 tentum
1125 2058 1203 2112 pesso
1216 2041 1311 2096 existit

203 2135 236 2184 ut
247 2130 388 2197 resultans,
398 2127 463 2200 quis
473 2145 528 2181 non
540 2131 582 2181 est
592 2127 783 2181 enormitates
790 2126 843 2180 nisi
854 2126 958 2181 ratione
966 2126 1048 2182 unius
1059 2128 1146 2200 pessi3
1161 2132 1189 2183 et
1199 2127 1311 2201 proinde

204 2213 303 2269 melius
314 2217 454 2269 vocaretur
464 2213 591 2266 resultans
601 2212 755 2284 passionem
766 2228 848 2284 quam
860 2213 998 2281 mmmm,
1008 2213 1064 2268 nisi
1074 2213 1145 2269 forte
1156 2213 1227 2270 ectio
1239 2213 1313 2270 acei-

205 2300 303 2373 pietur,
315 2313 371 2354 non
381 2299 410 2354 in
416 2299 494 2371 fieri,
507 2299 554 2354 sed
565 2299 594 2354 in
604 2299 683 2372 sacto
698 2318 758 2369 erre,
769 2316 824 2372 quo
834 2299 917 2373 modo
932 2299 1117 2356 identificatur
1129 2318 1193 2357 cum
1209 2301 1310 2357 actuali

204 2387 327 2459 passione
340 2385 403 2458 (Vl
415 2404 442 2440 n.
455 2386 491 2439 25
503 2391 531 2441 et
542 2384 600 2456 38).

240 2473 282 2526 90.
302 2471 356 2526 Per
373 2471 527 2544 supradicte
537 2475 614 2544 petet
630 2470 768 2543 quomodo
784 2469 991 2526 individuentur
1007 2471 1080 2528 ectio
1090 2476 1120 2527 et
1136 2472 1232 2546 passio.
1267 2473 1311 2530 De

204 2559 369 2630 reliquomm
386 2557 567 2613 occidentium
583 2556 802 2612 individuetione
813 2557 884 2612 illud
900 2562 1014 2629 constet,
1027 2559 1198 2630 mucetum
1209 2577 1309 2629 moeeoe,

205 2664 253 2702 seu
264 2647 402 2701 dumetum
418 2644 583 2700 individueri
598 2661 647 2717 per
658 2643 745 2716 ipsam
762 2643 1007 2700 individuetionem
1017 2646 1195 2701 terminorum
1210 2647 1311 2702 discre-

204 2739 303 2801 torum,
315 2751 350 2787 ex
366 2731 464 2804 quibus
484 2731 613 2803 exsurgit,
626 2735 655 2784 et
667 2747 716 2803 per
731 2730 906 2786 individuum
922 2749 1025 2787 nexum
1035 2733 1108 2788 inter
1120 2733 1172 2788 hos
1182 2733 1312 2788 terminos

205 2819 383 2875 existentem:
402 2818 450 2874 sed
468 2817 529 2873 haec
548 2817 730 2873 individuetio
750 2823 791 2872 est
809 2817 924 2874 relative
942 2823 1059 2886 tantum,
1078 2819 1143 2892 quie
1163 2820 1313 2877 multitudo

206 2923 261 2959 nou
273 2905 326 2960 nisi
337 2905 482 2960 reletivem
492 2905 576 2960 hebet
590 2903 733 2958 unitatem.
774 2905 913 2966 &comitae
930 2909 1023 2961 eutem
1034 2906 1175 2962 dinem
1190 2925 1240 2963 sen
1251 2925 1311 2963 coo·

206 2993 281 3046 timae
294 2991 365 3046 nihil
376 2991 451 3046 eliud
470 2995 512 3045 est
522 3007 604 3062 quem
621 2990 702 3063 spatii
714 2991 785 3046 inter
802 2991 881 3047 detos
891 2991 1021 3048 terminos
1039 2994 1222 3067 comprehensi
1233 3008 1312 3050 men-

207 3077 361 3133 surabiliter
373 3095 420 3150 per
434 3081 541 3132 motum
553 3077 613 3150 (per
628 3095 710 3149 quem
722 3082 764 3133 est
779 3077 862 3133 etiem
873 3079 1005 3150 wauton
1016 3081 1138 3151 tempnere
1148 3081 1310 3153 umerum),

206 3169 235 3219 et
256 3163 378 3236 exsurgit
395 3179 430 3219 ex
450 3162 594 3236 complexu
614 3163 776 3218 relationum
795 3163 934 3234 locellum,
952 3181 1067 3237 querum
1084 3183 1253 3239 uneqmeque
1270 3173 1313 3223 est

206 3251 350 3307 individue
361 3268 396 3306 ex
411 3267 462 3305 sue
473 3257 583 3305 nature:
603 3249 681 3305 etsie
693 3250 833 3322 quantitas
850 3250 1002 3308 dimensire
1012 3269 1067 3309 uon
1084 3253 1168 3311 habet
1178 3254 1231 3311 nisi
1243 3255 1314 3312 rele-

205 3340 291 3396 tivem
302 3338 548 3395 individuetionem
561 3336 611 3410 (Π.
623 3354 651 3392 m
666 3337 740 3409 110).

246 3427 300 3481 Uti
312 3430 341 3480 et
358 3426 462 3498 pendo
474 3423 598 3479 absolute
614 3422 823 3478 individuentur
834 3441 869 3479 ex
885 3424 990 3481 unitate
1002 3426 1108 3498 egentis
1119 3431 1149 3482 et
1164 3427 1313 3500 patientior

207 3512 255 3567 sed
272 3512 318 3566 uti
330 3516 360 3566 et
376 3511 480 3583 meando
498 3509 677 3566 accidentalia
692 3509 900 3566 individuantur
910 3529 945 3566 ex
962 3512 1068 3568 unitate
1079 3514 1193 3570 actionis
1211 3520 1239 3571 et
1249 3532 1313 3589 pes·

207 3598 290 3653 sionis
313 3597 504 3667 occidentalis3
528 3614 584 3652 non
604 3595 678 3651 enim
697 3601 762 3650 sunt
781 3597 959 3652 occidentelie
981 3599 1035 3654 uisi
1058 3605 1091 3655 ut
1109 3618 1231 3657 connexe
1248 3620 1312 3660 cum

207 3684 313 3740 actione
325 3689 353 3738 et
363 3685 487 3756 peseione
498 3683 660 3739 accidentali
674 3683 736 3755 (VI.
749 3701 776 3738 n.
789 3684 899 3754 4044).

243 3770 347 3824 Relatio
368 3774 410 3824 est
432 3787 468 3824 ex
488 3775 586 3824 netum
609 3786 658 3824 sue
678 3768 828 3838 individue,
849 3786 935 3842 quum
955 3787 1010 3826 non
1031 3772 1070 3827 sit
1089 3774 1123 3828 eb
1145 3773 1235 3846 eliquo
1257 3794 1314 3833 uuo

208 3856 335 3928 φώκη,
349 3872 399 3910 nec
416 3854 445 3908 in
464 3855 554 3926 aliquo
571 3872 626 3909 uno
644 3855 788 3925 receptorem,
801 3856 849 3910 sed
865 3855 903 3910 eit
921 3855 956 3912 de
972 3873 1001 3911 se
1021 3859 1147 3930 quaedem
1165 3861 1252 3916 untho
1269 3881 1314 3918 re·

208 3943 306 3998 eodone
317 3942 352 3997 ed
364 3942 477 3997 modum
488 3940 679 4013 complementi
696 3960 731 3996 ex
742 3942 897 4013 aptitudine
910 3943 989 3999 onius
999 3943 1169 4001 fundamenti
1181 3947 1217 4002 ed
1228 3949 1314 4004 ettin-

209 4031 311 4103 geudos
322 4047 371 4084 eeu
381 4026 594 4083 denominandos
605 4027 672 4082 duos
683 4027 813 4083 terminos
827 4028 976 4102 singulares
988 4030 1046 4086 eius
1057 4032 1190 4088 rationem
1201 4036 1314 4108 partici-

209 4122 304 4190 pentes
317 4115 380 4188 (VI.
393 4134 420 4170 u.
433 4113 491 4186 47).

249 4202 367 4264 Qualitm
385 4199 571 4254 individuetur
590 4198 661 4254 sicut
680 4199 751 4255 ectio
772 4205 801 4254 et
820 4201 917 4273 passio,
930 4202 993 4274 quie
1012 4209 1127 4261 nonest
1145 4207 1199 4262 nisi
1216 4210 1314 4265 modue

209 4289 315 4344 essendi
326 4285 484 4342 substantioe
497 4285 602 4357 egentis
613 4290 641 4339 et
653 4284 789 4357 potientis,
801 4292 849 4341 eut
863 4293 963 4359 paretae
976 4288 1011 4344 ed
1022 4290 1156 4362 agendum
1167 4299 1196 4348 et
1206 4296 1313 4367 petien-

209 4378 282 4432 dum.
320 4375 375 4432 Sed
389 4374 446 4430 eius
460 4372 642 4428 individuetio
660 4377 701 4428 est
714 4373 828 4429 relative
842 4380 959 4446 tentum,
971 4379 1192 4453 quotiescumque
1208 4388 1313 4451 natmo,
