3240 4986
287 335 349 398 152
596 363 638 407 na
655 365 796 411 serrone
814 370 871 414 nar
888 371 924 414 nv
942 371 1072 416 nunno.
1241 353 1328 438 [cur.
1346 374 1385 416 11.

284 519 384 602 ginari
407 543 469 588 non
492 526 636 594 desinunt
645 557 655 610 ς
678 533 827 618 siquidem
850 546 953 628 motus
967 539 1013 604 illi
1028 537 1225 606 moleculares
1237 563 1300 606 non
1312 549 1385 606 aunt

284 633 425 698 sensibus
451 635 593 703 distincte
618 645 839 729 perceptibiles,
867 657 898 712 et
923 649 1082 734 impressio
1106 649 1213 714 coloris
1239 673 1385 715 sensuum

284 739 396 807 iudicio
411 754 457 809 est
472 748 515 811 rei
530 755 746 834 permanentis.
792 757 853 834 Qui
866 767 967 823 autem
984 761 1027 825 sic
1041 762 1187 847 cogitant,
1200 785 1263 827 non
1278 764 1384 828 imme-

283 852 343 918 rito
358 853 503 922 haesitant
517 859 595 926 circa
610 865 791 949 qualitatum
808 871 1076 937 conservationem.

728 1209 867 1276 CAPUT
889 1211 935 1276 Il.

349 1387 402 1442 DE
420 1389 626 1452 OONCURSU
643 1397 710 1452 DEI
727 1399 781 1454 AD
798 1400 986 1457 ACTIONES
1006 1400 1312 1458 GREATURARUM.

326 1539 377 1602 10.
401 1540 551 1626 Magnam
567 1546 774 1614 difficultatem
790 1551 971 1615 invenerunt
986 1551 1169 1637 philosophi,
1183 1561 1274 1637 atque
1288 1552 1379 1616 etiam
1424 1580 1428 1584 ·

279 1645 423 1735 theologi,
438 1651 471 1716 in
487 1656 664 1739 explicando
678 1683 827 1726 concursu
842 1661 901 1726 Dei
916 1663 954 1727 ad
970 1663 1102 1727 actiones
1117 1672 1333 1742 creaturarum,
1348 1671 1380 1726 et

279 1759 312 1822 in
326 1747 423 1827 varias
443 1767 610 1833 sententias
630 1770 779 1836 abierunt.
824 1773 994 1839 Durandus
1012 1776 1110 1840 tenuit
1127 1797 1307 1840 concursum
1321 1776 1379 1839 im·

278 1871 445 1940 mediatum
473 1877 533 1942 Dei
562 1881 601 1945 ad
631 1883 764 1947 actiones
793 1887 998 1950 creaturarum
1028 1886 1150 1950 nullum
1179 1887 1301 1972 requiri,
1326 1887 1379 1950 sed

279 1984 414 2050 sufficere
445 1993 702 2057 conservationem
732 1995 918 2075 earumdem,
948 2006 979 2060 et
1008 1996 1117 2061 virium
1148 1999 1260 2082 quibus
1289 2001 1379 2082 agere

277 2097 405 2179 possint.
452 2099 700 2169 Malehranchius
721 2115 826 2170 contra
848 2107 967 2190 putavit
990 2107 1090 2172 solnm
1105 2108 1208 2172 Deum
1231 2131 1330 2192 agere,
1346 2118 1377 2172 et

277 2217 428 2274 creaturas
442 2211 553 2278 hahere
569 2237 600 2278 se
615 2217 741 2300 passive,
758 2239 813 2282 nec
828 2217 888 2282 uisi
902 2217 1067 2302 improprie
1082 2219 1181 2282 vocari
1199 2225 1327 2302 agentes
1346 2227 1376 2282 et

274 2320 447 2387 efficientes.
493 2323 624 2401 Quando
652 2349 722 2391 vero
751 2329 853 2411 agitur
882 2328 919 2392 de
945 2329 1115 2392 actionibus
1138 2329 1251 2408 liberis,
1276 2329 1374 2413 magis

274 2432 375 2498 adhuc
390 2436 496 2499 crescit
506 2437 690 2521 opinionum
709 2438 887 2523 disparitas:
911 2439 962 2503 alii
981 2441 1063 2504 euim
1078 2441 1185 2504 volunt
1206 2449 1372 2504 creaturam

275 2545 387 2610 moveri
405 2547 443 2611 ad
466 2558 569 2612 actum
588 2550 823 2634 permotionem
839 2572 901 2615 non
917 2551 1015 2614 solum
1030 2551 1198 2637 physicam,
1213 2552 1266 2616 sed
1282 2552 1373 2614 etiam

274 2658 398 2744 physice
413 2668 444 2723 et
459 2659 567 2744 praevie
583 2661 836 2725 determinantem
859 2661 898 2724 ad
915 2683 1030 2726 unum:
1054 2661 1104 2724 alii
1124 2671 1255 2746 ponunt,
1270 2662 1373 2726 Deum
1392 2705 1397 2710 -

273 2769 537 2852 praedeterminarc
551 2771 738 2836 voluntatem
759 2772 891 2856 quadam
913 2772 1019 2835 morali
1036 2772 1371 2856 praedeterminatione:

273 2881 325 2944 alii
340 2881 456 2960 volunt,
472 2881 575 2945 Deum
593 2882 732 2946 exhibere
754 2892 899 2947 creaturae
920 2883 1066 2946 auxilium
1081 2883 1118 2946 de
1142 2906 1173 2947 se
1195 2884 1373 2948 indifferens

272 2992 312 3056 ad
331 2993 416 3056 huuc
431 2992 477 3056 vel
499 2992 586 3056 illum
607 3001 719 3072 actum,
736 2994 779 3057 ita
798 3001 834 3058 ut
856 2995 1007 3078 pertineat
1028 2995 1066 3057 ad
1087 3005 1256 3058 creaturam
1272 2995 1371 3058 deter-

273 3102 388 3167 minare
410 3103 485 3187 quid
505 3125 559 3188 per
579 3103 639 3166 talc
661 3104 808 3168 auxilium
829 3113 933 3168 actura
952 3105 1001 3169 sit.
1048 3104 1165 3169 Omnes
1180 3106 1373 3170 difficultates

272 3218 351 3282 circa
374 3218 453 3281 hanc
477 3215 633 3280 materiam
660 3239 677 3280 a
700 3217 790 3280 variis
813 3217 983 3301 propositas
1006 3217 1063 3281 hoc
1090 3218 1187 3302 capite
1214 3218 1372 3282 solvendas

269 3328 360 3392 nohis
382 3350 591 3392 assumemus:
618 3327 701 3411 quod
723 3349 786 3390 non
809 3327 974 3395 admodum
997 3328 1125 3392 arduum
1150 3329 1288 3392 futurum
1313 3339 1369 3408 est,

270 3462 367 3525 quum
382 3438 540 3523 principia,
556 3461 591 3502 ex
606 3438 718 3523 quibus
733 3447 797 3502 tota
813 3440 940 3523 quaestio
956 3439 1117 3524 dependet,
1131 3441 1164 3503 in
1180 3440 1246 3504 aliis
1261 3448 1371 3504 tracta·
1397 3417 1404 3434 ’

269 3551 352 3615 tibus
368 3549 441 3613 satis
455 3549 513 3613 iam
531 3549 758 3634 exposuerimus
773 3559 803 3613 et
819 3549 1078 3614 vindicaverimus.

314 3665 364 3726 ll.
389 3659 543 3738 Quaeritur
558 3682 630 3744 ergo
645 3661 753 3745 primo,
769 3661 842 3745 quid
853 3662 894 3724 ait
908 3683 1071 3724 cannarum.

312 3771 503 3858 Respondeo,
533 3794 710 3835 concurrere
739 3771 921 3855 generaliter
949 3771 1102 3856 loquendo
1131 3770 1212 3834 idem
1241 3794 1307 3835 esse
1335 3795 1370 3836 ac

267 3887 377 3951 habere
396 3893 513 3969 partem
534 3883 566 3948 iu
587 3883 749 3947 causando.
797 3883 846 3947 Sic
867 3882 992 3946 materia
1015 3892 1045 3946 et
1066 3882 1163 3946 forma
1181 3892 1368 3946 concurrunt
1411 3969 1417 3980 ·

266 3999 305 4063 ad
320 3995 571 4063 constituendumv
583 4016 657 4058 ens:
681 3994 834 4058 obiectum
850 4003 880 4057 et
895 3993 1023 4058 facrdtas
1038 4001 1225 4058 concurrunt
1241 3994 1280 4058 ad
1297 4016 1367 4078 pro-

265 4109 439 4175 ducendum
455 4116 556 4172 actum
571 4107 586 4172 ε’
602 4106 732 4170 circinus
744 4115 894 4170 etmanus
905 4115 1091 4170 concurrunt
1102 4106 1142 4170 ed
1153 4105 1368 4170 delineandum

263 4221 431 4286 circulum:
465 4219 609 4283 adiuncta
635 4226 821 4282 concurrunt
848 4217 886 4280 ad
913 4217 1133 4282 conciliandam
1160 4216 1365 4281 celebritatem

261 4335 351 4411 lacto,
367 4342 425 4396 etc.
470 4330 531 4407 Sed
548 4329 619 4415 quia
634 4352 756 4394 causare
771 4329 920 4414 praecipuc
935 4330 1067 4414 pertinet
1083 4328 1121 4393 ad
1137 4352 1256 4394 causam
1273 4329 1365 4394 effici-
