3222 4984
253 377 324 423 cin.
340 358 381 442 1.]
690 385 734 428 nu
752 385 918 431 mutuno.
1291 369 1353 432 201

254 556 335 620 limes
350 557 430 621 bruti
447 578 504 620 uon
526 565 570 645 est
594 557 676 622 limes
700 560 824 624 hominis
825 606 936 625 .....
957 561 1053 634 Qum
1073 583 1141 646 erpo
1165 563 1285 626 limitem
1300 585 1358 648 per

253 669 461 752 experientiam
475 671 535 732 cive
549 671 694 733 internam
702 672 763 734 sive
776 679 925 736 ectcmam
936 674 1192 757 apprehendamus,
1201 683 1289 758 patet
1303 697 1356 739 noc

247 801 335 862 posce
358 779 452 844 Qum
473 765 638 864 pectoralem
660 781 762 845 limitis
783 784 867 846 uobis
880 784 1035 867 effmmare
1037 831 1147 849 .....
1166 787 1354 870 Comparatio

252 891 426 955 obiectmum
447 892 576 955 interce
597 893 679 957 docet
701 915 763 973 noc,
780 893 885 958 limites
902 897 989 959 unius
1011 898 1056 960 rei
1078 919 1137 960 aaa
1162 918 1223 961 ecee
1248 898 1354 961 limites

252 1001 385 1082 alteria,
408 1010 438 1067 et
458 1003 597 1086 quosdam
619 1004 726 1068 limite:
746 1005 782 1068 de
805 1007 976 1088 quibuisdam
1001 1028 1061 1072 ecce
1080 1008 1247 1091 uepaadoc:
1286 1009 1354 1082 linc

245 1121 370 1197 propter
383 1115 441 1177 oim
452 1115 681 1197 ymeralicaadi,
697 1137 755 1198 qua
771 1117 925 1199 pallemus,
941 1119 1017 1182 lanc
1031 1119 1155 1183 limitum
1164 1122 1353 1204 quorumdam

251 1227 433 1308 nepotioaem
453 1226 633 1310 peueraliter
665 1228 854 1311 acprimimus
880 1238 1019 1312 conceptu
1046 1231 1269 1296 indeterminato
1298 1232 1353 1296 lta:

252 1335 324 1399 duae
344 1336 426 1399 ideas
449 1336 658 1421 amplectente:
699 1338 894 1421 negotionem
924 1347 956 1402 et
986 1338 1114 1404 limitem
1118 1387 1228 1406 .....
1243 1343 1352 1426 Itaque

251 1447 387 1510 holmum
417 1447 512 1510 ideam
537 1447 649 1526 limitis,
673 1449 725 1530 qui
755 1448 828 1512 dicit
855 1451 1037 1534 uepatiouem
1060 1454 1122 1517 euti
1154 1453 1350 1536 applicatam:

250 1557 388 1621 labemus
409 1558 502 1621 ideam
526 1559 691 1641 mepalioaie
705 1557 827 1632 limitic,·
860 1561 936 1623 sicut
953 1562 1029 1623 euim
1043 1560 1163 1625 limitem
1177 1563 1353 1646 concepimus

250 1669 427 1752 applicatum
441 1669 489 1732 ael
505 1669 707 1752 applicatilem
729 1671 800 1747 eati,
821 1671 866 1733 ita
881 1693 1038 1753 pocmmuc
1059 1672 1179 1736 limitem
1204 1675 1353 1757 concipere

248 1787 282 1843 ut
296 1802 354 1843 uon
369 1781 547 1864 applicatum
557 1779 604 1844 oel
623 1803 681 1843 nou
702 1781 925 1864 applicabilem:
949 1790 978 1847 et
999 1786 1097 1867 reipcc
1111 1785 1155 1848 ita
1175 1786 1351 1868 concepimus

250 1891 380 1970 limitem,
396 1893 631 1974 quotiescumque
645 1892 766 1956 limitem
779 1914 937 1976 nepamuc;
960 1895 1039 1976 quod
1047 1893 1089 1978 fit
1098 1895 1351 1978 frequentissime.

251 2003 349 2076 Quare
370 2003 595 2086 penoralizaudo
621 2005 822 2086 paueaiemus
848 2005 888 2067 ad
904 2005 1069 2089 generalem
1094 2006 1197 2070 limitis
1225 2009 1351 2071 cuiueuc‘c

247 2116 428 2198 nepotimtem
431 2161 539 2178 .....
560 2115 778 2181 Generalicotio
801 2123 830 2179 et
853 2117 969 2200 :topatio
1003 2116 1106 2180 limitis
1136 2117 1217 2181 ducit
1237 2140 1291 2183 uos
1311 2120 1354 2183 acl

243 2232 414 2308 'cmcceptum
428 2225 539 2308 infiniti
552 2227 705 2305 abstracti,
720 2248 778 2290 aon
799 2249 866 2291 vero
888 2227 929 2290 ad
941 2228 1035 2290 ideam
1048 2230 1093 2290 rei
1112 2227 1255 2312 infinito:
1292 2252 1351 2294 uon

246 2359 318 2419 opus
343 2344 386 2400 est
407 2338 544 2401 iutuitiaa
567 2340 611 2401 rei
625 2337 747 2422 infinito
761 2339 996 2422 appretiatum,
1011 2345 1064 2402 aut
1085 2319 1167 2402 'clara
1190 2341 1253 2403 eiu:
1274 2341 1348 2420 idea,

248 2449 288 2512 ad
306 2449 477 2532 loquendum
496 2449 531 2512 de
554 2449 680 2534 infinito,
696 2457 725 2512 et
747 2450 788 2512 ad
810 2449 996 2513 iudicandum
1011 2450 1046 2512 de
1059 2450 1135 2514 reali
1148 2457 1202 2514 aut
1209 2453 1350 2533 passibili

245 2560 441 2643 applicatione
454 2560 541 2624 laius
555 2569 709 2642 conceptus
727 2562 760 2623 iu
774 2560 890 2622 casibm
908 2560 1117 2623 determinatis.

289 2674 321 2736 8:
344 2670 500 2747 Quaeritur
515 2670 657 2750 secundo,
674 2693 713 2734 aa
732 2670 881 2755 infinitum
897 2672 938 2734 cit
957 2671 1044 2734 unius
1064 2678 1179 2734 tautum
1195 2673 1332 2737 rationis.

289 2782 481 2867 Respondeo,
501 2780 657 2846 infinitum
681 2781 799 2867 concipi
820 2803 875 2866 per
895 2780 1118 2865 oppositionem
1140 2781 1180 2846 ad
1201 2782 1345 2850 finitum:

244 2893 395 2978 oppositio
410 2903 512 2958 nutem
526 2893 591 2958 haec
604 2902 705 2978 potest
720 2892 825 2956 haberi
840 2892 1011 2977 dupliciter,
1023 2891 1110 2957 idest
1122 2895 1346 2960 contradictmie

246 3014 276 3069 ct
296 3008 462 3070 contrusio:
494 3013 524 3069 ct
547 3003 616 3069 ideo
641 3004 799 3068 infinitum
823 3003 937 3089 duplici
964 3003 1055 3067 modo
1081 3005 1207 3088 cogitari
1232 3014 1343 3090 potest.

245 3116 351 3194 Quum
366 3139 438 3202 ergo
453 3115 576 3180 finitum
593 3114 632 3180 sit
656 3116 735 3199 quod
751 3116 879 3199 audique
903 3116 1062 3206 limitatur,
1075 3116 1344 3182 contradictorium

244 3230 319 3309 cino,
336 3229 416 3313 quod
422 3251 482 3292 noa
499 3228 628 3311 audique
639 3228 797 3306 limitatur,
806 3227 864 3290 erit
873 3226 1030 3290 infinitum
1040 3227 1197 3291 cuiusdam
1207 3229 1344 3309 rationis,

243 3349 273 3405 et
297 3340 493 3418 contrarium,
517 3339 598 3422 quod
621 3339 700 3402 omui
725 3345 805 3402 caret
827 3337 929 3415 limite,
953 3338 1012 3400 erit
1036 3337 1192 3402 infinitum
1219 3338 1344 3405 ulterius

241 3452 379 3516 rationis.
425 3451 492 3515 Hcs
514 3450 590 3515 duos
613 3449 745 3513 rationes
767 3448 881 3512 infiniti
898 3448 929 3513 S.
946 3449 1078 3512 Thomas
1101 3449 1242 3534 designet
1256 3473 1343 3516 voce·

241 3563 322 3628 bulis
337 3563 485 3648 infinitum
503 3585 561 3626 uno
581 3562 664 3625 modo
685 3568 715 3624 et
733 3560 881 3645 infinitum
899 3562 1031 3625 omnibu:
1049 3561 1152 3626 modis.
1197 3562 1236 3626 ln
1251 3563 1344 3627 rebus

191 3713 192 3718 κ
243 3682 346 3739 nutem
360 3673 455 3737 finitis
469 3672 581 3737 limites
591 3681 721 3758 possunt
735 3694 800 3735 esse
810 3671 913 3757 plures
922 3672 1154 3756 velpauciores:
1179 3672 1221 3737 sic
1230 3673 1342 3738 limites

241 3783 330 3847 lineae
340 3792 412 3847 suut
424 3783 495 3861 duo,
507 3782 631 3847 initium
640 3792 672 3847 et
682 3783 772 3847 finis:
789 3782 901 3846 limites
912 3782 1061 3867 trianguli
1071 3791 1145 3847 sunt
1158 3784 1218 3847 trie
1228 3782 1323 3849 latera
1334 3810 1341 3849 :
1354 3789 1356 3794 ’

240 3894 354 3958 limites
369 3893 440 3957 cubi
456 3903 528 3957 sunt
544 3916 595 3957 sex
611 3893 793 3978 superficies,
805 3900 863 3958 etc.
908 3892 965 3970 Vel
977 3893 1036 3957 elio
1045 3895 1146 3972 modo,
1158 3893 1239 3958 linea
1248 3895 1342 3960 habet

241 4004 364 4068 initium
380 4012 410 4067 ct
424 4004 517 4066 finem
532 4003 735 4087 longitudinis
750 4002 948 4088 simpliciter:
981 4003 1155 4088 superficies
1175 4004 1267 4069 habet
1281 4006 1342 4069 iui-

239 4104 319 4179 tiunt
334 4121 366 4178 et
380 4115 473 4177 finem
488 4123 555 4178 tuin
577 4113 781 4198 longitudinis
802 4123 869 4178 tum
886 4113 1078 4180 latitudiuis:
1102 4114 1233 4178 solidum
1248 4115 1341 4180 habet

239 4226 363 4291 initium
378 4234 410 4290 et
424 4227 517 4290 finem
533 4233 599 4290 tum
615 4224 827 4308 longitudinis,
843 4233 909 4310 tum
925 4224 1188 4317 latitudinis,tu1n
1203 4225 1341 4292 altitudi-

241 4339 306 4403 nis:
338 4337 411 4402 hino
432 4337 521 4401 lineae
542 4335 669 4400 habenti
690 4335 813 4400 initium
836 4343 867 4399 ct
897 4357 961 4401 non
988 4336 1078 4400 finem
1106 4339 1251 4422 competit
1277 4360 1342 4404 esse
