<?xml version="1.0" encoding="UTF-8"?>
<!DOCTYPE html PUBLIC "-//W3C//DTD XHTML 1.0 Transitional//EN"
    "http://www.w3.org/TR/xhtml1/DTD/xhtml1-transitional.dtd">
<html xmlns="http://www.w3.org/1999/xhtml" xml:lang="en" lang="en">
 <head>
  <title>
</title>
<meta http-equiv="Content-Type" content="text/html;charset=utf-8" />
  <meta name='ocr-system' content='tesseract 3.04.00' />
  <meta name='ocr-capabilities' content='ocr_page ocr_carea ocr_par ocr_line ocrx_word'/>
</head>
<body>
  <div class='ocr_page' id='page_1' title='image "./realisphilosoph01baymgoog_0198.png"; bbox 0 0 3222 4984; ppageno 0'>
   <div class='ocr_carea' id='block_1_1' title="bbox 229 357 1340 448">
    <p class='ocr_par' dir='ltr' id='par_1_1' title="bbox 229 357 1340 448">
     <span class='ocr_line' id='line_1_1' title="bbox 229 357 1340 448; baseline -0.01 -20"><span class='ocrx_word' id='word_1_1' title='bbox 229 385 303 428; x_wconf 80' lang='lat' dir='ltr'><strong><em>ear.</em></strong></span> <span class='ocrx_word' id='word_1_2' title='bbox 321 365 393 448; x_wconf 70' lang='grc' dir='ltr'>ιιι]</span> <span class='ocrx_word' id='word_1_3' title='bbox 539 362 818 428; x_wconf 76' lang='lat' dir='ltr'><strong><em>ornumornum</em></strong></span> <span class='ocrx_word' id='word_1_4' title='bbox 836 383 873 425; x_wconf 79' lang='lat' dir='ltr'><strong><em>ru</em></strong></span> <span class='ocrx_word' id='word_1_5' title='bbox 891 381 1021 426; x_wconf 80' lang='lat' dir='ltr'><strong><em>nunno.</em></strong></span> <span class='ocrx_word' id='word_1_6' title='bbox 1277 357 1340 418; x_wconf 79' lang='lat'><strong><em>183</em></strong></span> 
     </span>
    </p>
   </div>
   <div class='ocr_carea' id='block_1_2' title="bbox 164 543 1339 2756">
    <p class='ocr_par' dir='ltr' id='par_1_2' title="bbox 225 543 1339 1530">
     <span class='ocr_line' id='line_1_2' title="bbox 232 543 1339 634; baseline -0.012 -17"><span class='ocrx_word' id='word_1_7' title='bbox 232 555 339 616; x_wconf 87' lang='lat' dir='ltr'><strong><em>bouum</em></strong></span> <span class='ocrx_word' id='word_1_8' title='bbox 354 554 454 617; x_wconf 86' lang='lat' dir='ltr'><strong><em>totius.</em></strong></span> <span class='ocrx_word' id='word_1_9' title='bbox 505 552 587 615; x_wconf 81' lang='lat' dir='ltr'><strong><em>Unde</em></strong></span> <span class='ocrx_word' id='word_1_10' title='bbox 601 553 802 634; x_wconf 83' lang='lat' dir='ltr'><strong><em>corruptiones</em></strong></span> <span class='ocrx_word' id='word_1_11' title='bbox 817 558 845 613; x_wconf 90' lang='lat' dir='ltr'><strong><em>et</em></strong></span> <span class='ocrx_word' id='word_1_12' title='bbox 867 548 996 631; x_wconf 83' lang='lat' dir='ltr'><strong><em>defectus</em></strong></span> <span class='ocrx_word' id='word_1_13' title='bbox 1010 549 1042 610; x_wconf 88' lang='lat' dir='ltr'><strong><em>iu</em></strong></span> <span class='ocrx_word' id='word_1_14' title='bbox 1055 546 1140 609; x_wconf 88' lang='lat' dir='ltr'><strong><em>rebus</em></strong></span> <span class='ocrx_word' id='word_1_15' title='bbox 1154 543 1339 607; x_wconf 82' lang='lat' dir='ltr'><strong><em>naturalibus</em></strong></span> 
     </span>
     <span class='ocr_line' id='line_1_3' title="bbox 230 656 1336 747; baseline -0.009 -19"><span class='ocrx_word' id='word_1_16' title='bbox 230 667 366 730; x_wconf 85' lang='lat' dir='ltr'><strong><em>dicuutur</em></strong></span> <span class='ocrx_word' id='word_1_17' title='bbox 386 688 446 730; x_wconf 85' lang='lat' dir='ltr'><strong><em>esse</em></strong></span> <span class='ocrx_word' id='word_1_18' title='bbox 466 674 568 730; x_wconf 85' lang='lat' dir='ltr'><strong><em>contra</em></strong></span> <span class='ocrx_word' id='word_1_19' title='bbox 588 673 724 729; x_wconf 86' lang='lat' dir='ltr'><strong><em>naturam</em></strong></span> <span class='ocrx_word' id='word_1_20' title='bbox 735 663 957 747; x_wconf 79' lang='lat' dir='ltr'><strong><em>particularem,</em></strong></span> <span class='ocrx_word' id='word_1_21' title='bbox 972 661 1025 724; x_wconf 85' lang='lat' dir='ltr'><strong><em>sed</em></strong></span> <span class='ocrx_word' id='word_1_22' title='bbox 1042 669 1139 724; x_wconf 87' lang='lat' dir='ltr'><strong><em>tamen</em></strong></span> <span class='ocrx_word' id='word_1_23' title='bbox 1154 665 1223 721; x_wconf 86' lang='lat' dir='ltr'><strong><em>suut</em></strong></span> <span class='ocrx_word' id='word_1_24' title='bbox 1242 656 1277 719; x_wconf 83' lang='lat' dir='ltr'><strong><em>de</em></strong></span> <span class='ocrx_word' id='word_1_25' title='bbox 1291 658 1336 718; x_wconf 88' lang='lat' dir='ltr'><strong><em>iu-</em></strong></span> 
     </span>
     <span class='ocr_line' id='line_1_4' title="bbox 232 768 1337 858; baseline -0.009 -18"><span class='ocrx_word' id='word_1_26' title='bbox 232 780 359 842; x_wconf 86' lang='lat' dir='ltr'><strong><em>teutioue</em></strong></span> <span class='ocrx_word' id='word_1_27' title='bbox 383 787 497 842; x_wconf 84' lang='lat' dir='ltr'><strong><em>actura</em></strong></span> <span class='ocrx_word' id='word_1_28' title='bbox 522 777 704 856; x_wconf 84' lang='lat' dir='ltr'><strong><em>uniuersalis,</em></strong></span> <span class='ocrx_word' id='word_1_29' title='bbox 735 778 767 839; x_wconf 87' lang='lat' dir='ltr'><strong><em>iu</em></strong></span> <span class='ocrx_word' id='word_1_30' title='bbox 788 783 929 858; x_wconf 82' lang='lat' dir='ltr'><strong><em>quantum</em></strong></span> <span class='ocrx_word' id='word_1_31' title='bbox 951 773 1079 855; x_wconf 83' lang='lat' dir='ltr'><strong><em>defectus</em></strong></span> <span class='ocrx_word' id='word_1_32' title='bbox 1099 773 1187 834; x_wconf 84' lang='lat' dir='ltr'><strong><em>unius</em></strong></span> <span class='ocrx_word' id='word_1_33' title='bbox 1208 768 1283 832; x_wconf 82' lang='lat' dir='ltr'><em>cedit</em></span> <span class='ocrx_word' id='word_1_34' title='bbox 1305 770 1337 830; x_wconf 89' lang='lat' dir='ltr'><strong><em>iu</em></strong></span> 
     </span>
     <span class='ocr_line' id='line_1_5' title="bbox 231 882 1337 967; baseline -0.01 -15"><span class='ocrx_word' id='word_1_35' title='bbox 231 891 336 952; x_wconf 86' lang='lat' dir='ltr'><strong><em>bouum</em></strong></span> <span class='ocrx_word' id='word_1_36' title='bbox 350 889 483 967; x_wconf 88' lang='lat' dir='ltr'><strong><em>alterius,</em></strong></span> <span class='ocrx_word' id='word_1_37' title='bbox 499 889 546 952; x_wconf 87' lang='lat' dir='ltr'><strong><em>ael</em></strong></span> <span class='ocrx_word' id='word_1_38' title='bbox 558 891 647 953; x_wconf 87' lang='lat' dir='ltr'><strong><em>etiam</em></strong></span> <span class='ocrx_word' id='word_1_39' title='bbox 663 889 754 952; x_wconf 88' lang='lat' dir='ltr'><strong><em>totius</em></strong></span> <span class='ocrx_word' id='word_1_40' title='bbox 775 888 924 963; x_wconf 82' lang='lat' dir='ltr'><strong><em>uuiversi3</em></strong></span> <span class='ocrx_word' id='word_1_41' title='bbox 947 907 1015 948; x_wconf 87' lang='lat' dir='ltr'><strong><em>uam</em></strong></span> <span class='ocrx_word' id='word_1_42' title='bbox 1030 883 1177 966; x_wconf 73' lang='lat' dir='ltr'><strong><em>corruptio</em></strong></span> <span class='ocrx_word' id='word_1_43' title='bbox 1191 882 1279 943; x_wconf 87' lang='lat' dir='ltr'><strong><em>auius</em></strong></span> <span class='ocrx_word' id='word_1_44' title='bbox 1292 886 1337 942; x_wconf 87' lang='lat' dir='ltr'><strong><em>est</em></strong></span> 
     </span>
     <span class='ocr_line' id='line_1_6' title="bbox 228 991 1336 1085; baseline -0.011 -20"><span class='ocrx_word' id='word_1_45' title='bbox 228 1004 378 1085; x_wconf 82' lang='lat' dir='ltr'><strong><em>peueratio</em></strong></span> <span class='ocrx_word' id='word_1_46' title='bbox 403 1001 536 1079; x_wconf 81' lang='lat' dir='ltr'><strong><em>alterius,</em></strong></span> <span class='ocrx_word' id='word_1_47' title='bbox 557 1022 725 1084; x_wconf 85' lang='lat' dir='ltr'><strong><em>perquam</em></strong></span> <span class='ocrx_word' id='word_1_48' title='bbox 749 1001 858 1082; x_wconf 85' lang='lat' dir='ltr'><strong><em>species</em></strong></span> <span class='ocrx_word' id='word_1_49' title='bbox 880 1005 1075 1062; x_wconf 85' lang='lat' dir='ltr'><strong><em>conservatur.</em></strong></span> <span class='ocrx_word' id='word_1_50' title='bbox 1124 995 1219 1066; x_wconf 61' lang='lat' dir='ltr'><strong><em>Qum</em></strong></span> <span class='ocrx_word' id='word_1_51' title='bbox 1244 991 1336 1074; x_wconf 79' lang='lat' dir='ltr'><strong><em>ipitar</em></strong></span> 
     </span>
     <span class='ocr_line' id='line_1_7' title="bbox 232 1104 1335 1195; baseline -0.01 -20"><span class='ocrx_word' id='word_1_52' title='bbox 232 1114 315 1176; x_wconf 84' lang='lat' dir='ltr'><strong><em>Deus</em></strong></span> <span class='ocrx_word' id='word_1_53' title='bbox 337 1114 378 1176; x_wconf 88' lang='lat' dir='ltr'><strong><em>sit</em></strong></span> <span class='ocrx_word' id='word_1_54' title='bbox 393 1113 565 1176; x_wconf 85' lang='lat' dir='ltr'><strong><em>universalis</em></strong></span> <span class='ocrx_word' id='word_1_55' title='bbox 573 1113 712 1195; x_wconf 79' lang='lat' dir='ltr'><strong><em>provisor</em></strong></span> <span class='ocrx_word' id='word_1_56' title='bbox 734 1111 826 1174; x_wconf 86' lang='lat' dir='ltr'><strong><em>totius</em></strong></span> <span class='ocrx_word' id='word_1_57' title='bbox 847 1111 933 1188; x_wconf 85' lang='lat' dir='ltr'><strong><em>eatis,</em></strong></span> <span class='ocrx_word' id='word_1_58' title='bbox 949 1109 990 1172; x_wconf 90' lang='lat' dir='ltr'><strong><em>ad</em></strong></span> <span class='ocrx_word' id='word_1_59' title='bbox 1009 1108 1101 1191; x_wconf 81' lang='lat' dir='ltr'><strong><em>ipsius</em></strong></span> <span class='ocrx_word' id='word_1_60' title='bbox 1119 1104 1335 1188; x_wconf 80' lang='lat' dir='ltr'><strong><em>prouidentiam</em></strong></span> 
     </span>
     <span class='ocr_line' id='line_1_8' title="bbox 225 1216 1335 1307; baseline -0.008 -20"><span class='ocrx_word' id='word_1_61' title='bbox 225 1226 366 1307; x_wconf 79' lang='lat' dir='ltr'><strong><em>pertinet,</em></strong></span> <span class='ocrx_word' id='word_1_62' title='bbox 381 1232 415 1288; x_wconf 88' lang='lat' dir='ltr'><strong><em>ut</em></strong></span> <span class='ocrx_word' id='word_1_63' title='bbox 429 1225 586 1307; x_wconf 88' lang='lat' dir='ltr'><strong><em>permittat</em></strong></span> <span class='ocrx_word' id='word_1_64' title='bbox 610 1223 750 1306; x_wconf 83' lang='lat' dir='ltr'><strong><em>quosdam</em></strong></span> <span class='ocrx_word' id='word_1_65' title='bbox 773 1221 975 1305; x_wconf 79' lang='lat' dir='ltr'><strong><em>defectusesse</em></strong></span> <span class='ocrx_word' id='word_1_66' title='bbox 989 1222 1021 1282; x_wconf 84' lang='lat' dir='ltr'><strong><em>iri</em></strong></span> <span class='ocrx_word' id='word_1_67' title='bbox 1036 1219 1182 1302; x_wconf 73' lang='lat' dir='ltr'><strong><em>aliquibus</em></strong></span> <span class='ocrx_word' id='word_1_68' title='bbox 1198 1216 1335 1298; x_wconf 87' lang='lat' dir='ltr'><strong><em>partiou-</em></strong></span> 
     </span>
     <span class='ocr_line' id='line_1_9' title="bbox 231 1327 1335 1419; baseline -0.011 -21"><span class='ocrx_word' id='word_1_69' title='bbox 231 1337 342 1399; x_wconf 86' lang='lat' dir='ltr'><strong><em>laribus</em></strong></span> <span class='ocrx_word' id='word_1_70' title='bbox 366 1337 461 1414; x_wconf 85' lang='lat' dir='ltr'><strong><em>rebus,</em></strong></span> <span class='ocrx_word' id='word_1_71' title='bbox 477 1357 513 1398; x_wconf 87' lang='lat' dir='ltr'><strong><em>ue</em></strong></span> <span class='ocrx_word' id='word_1_72' title='bbox 539 1336 715 1419; x_wconf 83' lang='lat' dir='ltr'><strong><em>impediatur</em></strong></span> <span class='ocrx_word' id='word_1_73' title='bbox 728 1334 834 1396; x_wconf 86' lang='lat' dir='ltr'><strong><em>bouum</em></strong></span> <span class='ocrx_word' id='word_1_74' title='bbox 848 1333 976 1396; x_wconf 83' lang='lat' dir='ltr'><strong><em>uniuersi</em></strong></span> <span class='ocrx_word' id='word_1_75' title='bbox 995 1329 1183 1414; x_wconf 74' lang='lat' dir='ltr'><strong><em>perfertur,-</em></strong></span> <span class='ocrx_word' id='word_1_76' title='bbox 1217 1327 1244 1390; x_wconf 84' lang='lat' dir='ltr'><strong><em>si</em></strong></span> <span class='ocrx_word' id='word_1_77' title='bbox 1258 1327 1335 1388; x_wconf 88' lang='lat' dir='ltr'><strong><em>euim</em></strong></span> 
     </span>
     <span class='ocr_line' id='line_1_10' title="bbox 231 1444 1152 1530; baseline -0.008 -19"><span class='ocrx_word' id='word_1_78' title='bbox 231 1449 328 1512; x_wconf 84' lang='lat' dir='ltr'><strong><em>omnia</em></strong></span> <span class='ocrx_word' id='word_1_79' title='bbox 342 1448 420 1510; x_wconf 86' lang='lat' dir='ltr'><strong><em>mala</em></strong></span> <span class='ocrx_word' id='word_1_80' title='bbox 434 1448 651 1530; x_wconf 83' lang='lat' dir='ltr'><strong><em>impedirentur,</em></strong></span> <span class='ocrx_word' id='word_1_81' title='bbox 667 1447 759 1509; x_wconf 88' lang='lat' dir='ltr'><strong><em>multa</em></strong></span> <span class='ocrx_word' id='word_1_82' title='bbox 775 1447 850 1508; x_wconf 89' lang='lat' dir='ltr'><strong><em>baua</em></strong></span> <span class='ocrx_word' id='word_1_83' title='bbox 865 1446 994 1508; x_wconf 78' lang='lat' dir='ltr'><strong><em>deessent</em></strong></span> <span class='ocrx_word' id='word_1_84' title='bbox 1008 1444 1152 1505; x_wconf 83' lang='lat' dir='ltr'><strong><em>uniuersa.</em></strong></span> 
     </span>
    </p>

    <p class='ocr_par' dir='ltr' id='par_1_3' title="bbox 226 1549 1335 1752">
     <span class='ocr_line' id='line_1_11' title="bbox 233 1549 1335 1642; baseline -0.01 -22"><span class='ocrx_word' id='word_1_85' title='bbox 233 1575 234 1578; x_wconf 73' lang='grc'>’</span> <span class='ocrx_word' id='word_1_86' title='bbox 274 1561 326 1621; x_wconf 78' lang='grc'><strong><em>40.</em></strong></span> <span class='ocrx_word' id='word_1_87' title='bbox 353 1557 510 1634; x_wconf 78' lang='lat' dir='ltr'><strong><em>Quaeritur</em></strong></span> <span class='ocrx_word' id='word_1_88' title='bbox 525 1559 664 1642; x_wconf 86' lang='lat' dir='ltr'><strong><em>septimo,</em></strong></span> <span class='ocrx_word' id='word_1_89' title='bbox 680 1581 720 1622; x_wconf 86' lang='lat' dir='ltr'><strong><em>aa</em></strong></span> <span class='ocrx_word' id='word_1_90' title='bbox 728 1557 915 1640; x_wconf 85' lang='lat' dir='ltr'><strong><em>providentia</em></strong></span> <span class='ocrx_word' id='word_1_91' title='bbox 929 1556 990 1618; x_wconf 88' lang='lat' dir='ltr'><strong><em>Dei</em></strong></span> <span class='ocrx_word' id='word_1_92' title='bbox 1004 1552 1154 1617; x_wconf 83' lang='lat' dir='ltr'><strong><em>conciliari</em></strong></span> <span class='ocrx_word' id='word_1_93' title='bbox 1162 1549 1260 1632; x_wconf 82' lang='lat' dir='ltr'><strong><em>possit</em></strong></span> <span class='ocrx_word' id='word_1_94' title='bbox 1271 1569 1335 1611; x_wconf 86' lang='lat' dir='ltr'><strong><em>curn</em></strong></span> 
     </span>
     <span class='ocr_line' id='line_1_12' title="bbox 226 1669 556 1752; baseline 0 -20"><span class='ocrx_word' id='word_1_95' title='bbox 226 1669 419 1751; x_wconf 83' lang='lat' dir='ltr'><strong><em>permissione</em></strong></span> <span class='ocrx_word' id='word_1_96' title='bbox 428 1671 556 1752; x_wconf 89' lang='lat' dir='ltr'><strong><em>peccati.</em></strong></span> 
     </span>
    </p>

    <p class='ocr_par' dir='ltr' id='par_1_4' title="bbox 164 1766 1337 2756">
     <span class='ocr_line' id='line_1_13' title="bbox 275 1766 1336 1864; baseline -0.014 -20"><span class='ocrx_word' id='word_1_97' title='bbox 275 1779 457 1864; x_wconf 88' lang='lat' dir='ltr'><strong><em>Respondeo</em></strong></span> <span class='ocrx_word' id='word_1_98' title='bbox 483 1779 670 1845; x_wconf 87' lang='lat' dir='ltr'><strong><em>affirmative.</em></strong></span> <span class='ocrx_word' id='word_1_99' title='bbox 724 1779 817 1858; x_wconf 89' lang='lat' dir='ltr'><strong><em>Nam,</em></strong></span> <span class='ocrx_word' id='word_1_100' title='bbox 848 1777 987 1862; x_wconf 88' lang='lat' dir='ltr'><strong><em>quamvis</em></strong></span> <span class='ocrx_word' id='word_1_101' title='bbox 1017 1775 1133 1839; x_wconf 90' lang='lat' dir='ltr'><strong><em>malum</em></strong></span> <span class='ocrx_word' id='word_1_102' title='bbox 1168 1770 1265 1854; x_wconf 87' lang='lat' dir='ltr'><strong><em>culpae</em></strong></span> <span class='ocrx_word' id='word_1_103' title='bbox 1295 1766 1336 1830; x_wconf 91' lang='lat' dir='ltr'><strong><em>sit</em></strong></span> 
     </span>
     <span class='ocr_line' id='line_1_14' title="bbox 233 1880 1335 1977; baseline -0.015 -21"><span class='ocrx_word' id='word_1_104' title='bbox 233 1914 339 1956; x_wconf 89' lang='lat' dir='ltr'><strong><em>verum</em></strong></span> <span class='ocrx_word' id='word_1_105' title='bbox 354 1891 558 1970; x_wconf 70' lang='lat' dir='ltr'><strong><em>malameias</em></strong></span> <span class='ocrx_word' id='word_1_106' title='bbox 572 1890 732 1977; x_wconf 73' lang='lat' dir='ltr'><strong><em>permissio</em></strong></span> <span class='ocrx_word' id='word_1_107' title='bbox 742 1911 805 1954; x_wconf 92' lang='lat' dir='ltr'><strong><em>non</em></strong></span> <span class='ocrx_word' id='word_1_108' title='bbox 821 1898 867 1954; x_wconf 90' lang='lat' dir='ltr'><strong><em>est</em></strong></span> <span class='ocrx_word' id='word_1_109' title='bbox 881 1887 1050 1952; x_wconf 86' lang='lat' dir='ltr'><strong><em>necessario</em></strong></span> <span class='ocrx_word' id='word_1_110' title='bbox 1063 1884 1154 1962; x_wconf 88' lang='lat' dir='ltr'><strong><em>mala,</em></strong></span> <span class='ocrx_word' id='word_1_111' title='bbox 1166 1880 1219 1946; x_wconf 89' lang='lat' dir='ltr'><strong><em>sed</em></strong></span> <span class='ocrx_word' id='word_1_112' title='bbox 1234 1885 1335 1964; x_wconf 89' lang='lat' dir='ltr'><strong><em>potest</em></strong></span> 
     </span>
     <span class='ocr_line' id='line_1_15' title="bbox 233 1992 1337 2087; baseline -0.015 -18"><span class='ocrx_word' id='word_1_113' title='bbox 233 2003 319 2069; x_wconf 87' lang='lat' dir='ltr'><strong><em>valde</em></strong></span> <span class='ocrx_word' id='word_1_114' title='bbox 333 2003 414 2067; x_wconf 91' lang='lat' dir='ltr'><strong><em>bona</em></strong></span> <span class='ocrx_word' id='word_1_115' title='bbox 429 2026 514 2068; x_wconf 90' lang='lat' dir='ltr'><strong><em>esse:</em></strong></span> <span class='ocrx_word' id='word_1_116' title='bbox 548 2011 579 2067; x_wconf 87' lang='lat' dir='ltr'><strong><em>et</em></strong></span> <span class='ocrx_word' id='word_1_117' title='bbox 601 2002 644 2067; x_wconf 87' lang='lat' dir='ltr'><strong><em>sie</em></strong></span> <span class='ocrx_word' id='word_1_118' title='bbox 667 2010 747 2066; x_wconf 89' lang='lat' dir='ltr'><strong><em>stare</em></strong></span> <span class='ocrx_word' id='word_1_119' title='bbox 761 2009 864 2087; x_wconf 89' lang='lat' dir='ltr'><strong><em>potest</em></strong></span> <span class='ocrx_word' id='word_1_120' title='bbox 882 2023 953 2064; x_wconf 89' lang='lat' dir='ltr'><strong><em>cam</em></strong></span> <span class='ocrx_word' id='word_1_121' title='bbox 976 1999 1078 2064; x_wconf 91' lang='lat' dir='ltr'><strong><em>divina</em></strong></span> <span class='ocrx_word' id='word_1_122' title='bbox 1092 1992 1283 2081; x_wconf 88' lang='lat' dir='ltr'><strong><em>providentia</em></strong></span> <span class='ocrx_word' id='word_1_123' title='bbox 1304 1997 1337 2053; x_wconf 88' lang='lat' dir='ltr'><strong><em>et</em></strong></span> 
     </span>
     <span class='ocr_line' id='line_1_16' title="bbox 233 2101 1336 2196; baseline -0.01 -19"><span class='ocrx_word' id='word_1_124' title='bbox 233 2111 464 2196; x_wconf 84' lang='lat' dir='ltr'><strong><em>gubernatione.</em></strong></span> <span class='ocrx_word' id='word_1_125' title='bbox 509 2112 561 2176; x_wconf 92' lang='lat' dir='ltr'><strong><em>Ad</em></strong></span> <span class='ocrx_word' id='word_1_126' title='bbox 575 2112 662 2176; x_wconf 89' lang='lat' dir='ltr'><strong><em>cuius</em></strong></span> <span class='ocrx_word' id='word_1_127' title='bbox 677 2113 721 2175; x_wconf 88' lang='lat' dir='ltr'><strong><em>rei</em></strong></span> <span class='ocrx_word' id='word_1_128' title='bbox 735 2110 917 2176; x_wconf 89' lang='lat' dir='ltr'><strong><em>evidentiam</em></strong></span> <span class='ocrx_word' id='word_1_129' title='bbox 927 2107 1180 2174; x_wconf 88' lang='lat' dir='ltr'><strong><em>considerandum</em></strong></span> <span class='ocrx_word' id='word_1_130' title='bbox 1191 2112 1238 2168; x_wconf 90' lang='lat' dir='ltr'><strong><em>est</em></strong></span> <span class='ocrx_word' id='word_1_131' title='bbox 1252 2101 1336 2188; x_wconf 91' lang='lat' dir='ltr'><strong><em>quod</em></strong></span> 
     </span>
     <span class='ocr_line' id='line_1_17' title="bbox 164 2211 1337 2308; baseline -0.009 -21"><span class='ocrx_word' id='word_1_132' title='bbox 164 2236 168 2243; x_wconf 88' lang='lat'><em>&#39;</em></span> <span class='ocrx_word' id='word_1_133' title='bbox 235 2225 267 2287; x_wconf 91' lang='lat' dir='ltr'><strong><em>in</em></strong></span> <span class='ocrx_word' id='word_1_134' title='bbox 290 2233 414 2308; x_wconf 88' lang='lat' dir='ltr'><strong><em>peccato</em></strong></span> <span class='ocrx_word' id='word_1_135' title='bbox 435 2223 636 2288; x_wconf 89' lang='lat' dir='ltr'><strong><em>inveniuntur</em></strong></span> <span class='ocrx_word' id='word_1_136' title='bbox 659 2223 739 2288; x_wconf 86' lang='lat' dir='ltr'><strong><em>duo:</em></strong></span> <span class='ocrx_word' id='word_1_137' title='bbox 773 2223 924 2307; x_wconf 86' lang='lat' dir='ltr'><strong><em>materiale</em></strong></span> <span class='ocrx_word' id='word_1_138' title='bbox 947 2229 978 2286; x_wconf 88' lang='lat' dir='ltr'><strong><em>et</em></strong></span> <span class='ocrx_word' id='word_1_139' title='bbox 993 2219 1131 2305; x_wconf 84' lang='lat' dir='ltr'><strong><em>formale.</em></strong></span> <span class='ocrx_word' id='word_1_140' title='bbox 1176 2211 1337 2280; x_wconf 73' lang='lat' dir='ltr'><strong><em>Materiale</em></strong></span> 
     </span>
     <span class='ocr_line' id='line_1_18' title="bbox 234 2325 1337 2422; baseline -0.013 -23"><span class='ocrx_word' id='word_1_141' title='bbox 234 2344 280 2400; x_wconf 89' lang='lat' dir='ltr'><strong><em>est</em></strong></span> <span class='ocrx_word' id='word_1_142' title='bbox 306 2337 371 2419; x_wconf 89' lang='lat' dir='ltr'><strong><em>ipse</em></strong></span> <span class='ocrx_word' id='word_1_143' title='bbox 400 2344 486 2399; x_wconf 89' lang='lat' dir='ltr'><strong><em>actas</em></strong></span> <span class='ocrx_word' id='word_1_144' title='bbox 516 2335 662 2422; x_wconf 83' lang='lat' dir='ltr'><strong><em>physicus</em></strong></span> <span class='ocrx_word' id='word_1_145' title='bbox 690 2357 720 2400; x_wconf 87' lang='lat' dir='ltr'><strong><em>v.</em></strong></span> <span class='ocrx_word' id='word_1_146' title='bbox 738 2357 784 2418; x_wconf 84' lang='lat' dir='ltr'><strong><em>gr.</em></strong></span> <span class='ocrx_word' id='word_1_147' title='bbox 810 2334 919 2398; x_wconf 90' lang='lat' dir='ltr'><strong><em>occisio</em></strong></span> <span class='ocrx_word' id='word_1_148' title='bbox 942 2332 1094 2397; x_wconf 89' lang='lat' dir='ltr'><strong><em>hominis:</em></strong></span> <span class='ocrx_word' id='word_1_149' title='bbox 1133 2325 1260 2393; x_wconf 85' lang='lat' dir='ltr'><strong><em>formale</em></strong></span> <span class='ocrx_word' id='word_1_150' title='bbox 1290 2330 1337 2387; x_wconf 88' lang='lat' dir='ltr'><strong><em>est</em></strong></span> 
     </span>
     <span class='ocr_line' id='line_1_19' title="bbox 236 2438 1336 2535; baseline -0.011 -22"><span class='ocrx_word' id='word_1_151' title='bbox 236 2449 363 2534; x_wconf 82' lang='lat' dir='ltr'><strong><em>privatio</em></strong></span> <span class='ocrx_word' id='word_1_152' title='bbox 380 2449 474 2514; x_wconf 88' lang='lat' dir='ltr'><strong><em>debiti</em></strong></span> <span class='ocrx_word' id='word_1_153' title='bbox 496 2449 613 2514; x_wconf 85' lang='lat' dir='ltr'><strong><em>ordinis</em></strong></span> <span class='ocrx_word' id='word_1_154' title='bbox 636 2449 669 2512; x_wconf 92' lang='lat' dir='ltr'><strong><em>in</em></strong></span> <span class='ocrx_word' id='word_1_155' title='bbox 688 2448 740 2512; x_wconf 92' lang='lat' dir='ltr'><strong><em>illo</em></strong></span> <span class='ocrx_word' id='word_1_156' title='bbox 762 2456 834 2512; x_wconf 88' lang='lat' dir='ltr'><strong><em>actu</em></strong></span> <span class='ocrx_word' id='word_1_157' title='bbox 856 2448 991 2535; x_wconf 83' lang='lat' dir='ltr'><strong><em>physico,</em></strong></span> <span class='ocrx_word' id='word_1_158' title='bbox 1006 2470 1036 2514; x_wconf 84' lang='lat' dir='ltr'><strong><em>v.</em></strong></span> <span class='ocrx_word' id='word_1_159' title='bbox 1051 2469 1098 2531; x_wconf 84' lang='lat' dir='ltr'><strong><em>gr.</em></strong></span> <span class='ocrx_word' id='word_1_160' title='bbox 1122 2443 1205 2530; x_wconf 89' lang='lat' dir='ltr'><strong><em>qaod</em></strong></span> <span class='ocrx_word' id='word_1_161' title='bbox 1226 2438 1336 2505; x_wconf 87' lang='lat' dir='ltr'><strong><em>occisio</em></strong></span> 
     </span>
     <span class='ocr_line' id='line_1_20' title="bbox 235 2551 1335 2637; baseline -0.011 -13"><span class='ocrx_word' id='word_1_162' title='bbox 235 2561 288 2625; x_wconf 89' lang='lat' dir='ltr'><strong><em>fiat</em></strong></span> <span class='ocrx_word' id='word_1_163' title='bbox 311 2561 377 2624; x_wconf 90' lang='lat' dir='ltr'><strong><em>sine</em></strong></span> <span class='ocrx_word' id='word_1_164' title='bbox 399 2560 478 2624; x_wconf 85' lang='lat' dir='ltr'><strong><em>iusta</em></strong></span> <span class='ocrx_word' id='word_1_165' title='bbox 501 2582 610 2637; x_wconf 83' lang='lat' dir='ltr'><strong><em>causa3</em></strong></span> <span class='ocrx_word' id='word_1_166' title='bbox 645 2559 767 2623; x_wconf 81' lang='lat' dir='ltr'><strong><em>sienim</em></strong></span> <span class='ocrx_word' id='word_1_167' title='bbox 789 2559 875 2623; x_wconf 89' lang='lat' dir='ltr'><strong><em>fieret</em></strong></span> <span class='ocrx_word' id='word_1_168' title='bbox 896 2581 967 2623; x_wconf 90' lang='lat' dir='ltr'><strong><em>cum</em></strong></span> <span class='ocrx_word' id='word_1_169' title='bbox 991 2558 1072 2622; x_wconf 89' lang='lat' dir='ltr'><strong><em>iusta</em></strong></span> <span class='ocrx_word' id='word_1_170' title='bbox 1094 2577 1192 2634; x_wconf 89' lang='lat' dir='ltr'><strong><em>causa,</em></strong></span> <span class='ocrx_word' id='word_1_171' title='bbox 1209 2561 1245 2616; x_wconf 90' lang='lat' dir='ltr'><strong><em>ut</em></strong></span> <span class='ocrx_word' id='word_1_172' title='bbox 1261 2551 1335 2614; x_wconf 91' lang='lat' dir='ltr'><strong><em>dum</em></strong></span> 
     </span>
     <span class='ocr_line' id='line_1_21' title="bbox 236 2665 1336 2756; baseline -0.006 -20"><span class='ocrx_word' id='word_1_173' title='bbox 236 2671 305 2756; x_wconf 89' lang='lat' dir='ltr'><strong><em>quis</em></strong></span> <span class='ocrx_word' id='word_1_174' title='bbox 320 2695 352 2736; x_wconf 88' lang='lat' dir='ltr'><strong><em>se</em></strong></span> <span class='ocrx_word' id='word_1_175' title='bbox 367 2671 505 2736; x_wconf 84' lang='lat' dir='ltr'><strong><em>defendit</em></strong></span> <span class='ocrx_word' id='word_1_176' title='bbox 520 2694 537 2735; x_wconf 90' lang='lat' dir='ltr'><strong><em>a</em></strong></span> <span class='ocrx_word' id='word_1_177' title='bbox 551 2671 681 2750; x_wconf 89' lang='lat' dir='ltr'><strong><em>latrone,</em></strong></span> <span class='ocrx_word' id='word_1_178' title='bbox 696 2679 750 2735; x_wconf 92' lang='lat' dir='ltr'><strong><em>aut</em></strong></span> <span class='ocrx_word' id='word_1_179' title='bbox 776 2671 850 2734; x_wconf 88' lang='lat' dir='ltr'><strong><em>dum</em></strong></span> <span class='ocrx_word' id='word_1_180' title='bbox 872 2669 1007 2734; x_wconf 80' lang='lat' dir='ltr'><strong><em>carnifex</em></strong></span> <span class='ocrx_word' id='word_1_181' title='bbox 1029 2669 1210 2732; x_wconf 84' lang='lat' dir='ltr'><strong><em>sententiam</em></strong></span> <span class='ocrx_word' id='word_1_182' title='bbox 1226 2665 1336 2730; x_wconf 86' lang='lat' dir='ltr'><strong><em>iudicis</em></strong></span> 
     </span>
    </p>
   </div>
   <div class='ocr_carea' id='block_1_3' title="bbox 120 2777 1369 2867">
    <p class='ocr_par' dir='ltr' id='par_1_5' title="bbox 120 2777 1369 2867">
     <span class='ocr_line' id='line_1_22' title="bbox 120 2777 1369 2867; baseline -0.006 -20"><span class='ocrx_word' id='word_1_183' title='bbox 120 2799 123 2806; x_wconf 85' lang='lat'>&#39;</span> <span class='ocrx_word' id='word_1_184' title='bbox 238 2782 423 2867; x_wconf 84' lang='lat' dir='ltr'><strong><em>exsequitur,</em></strong></span> <span class='ocrx_word' id='word_1_185' title='bbox 439 2791 492 2846; x_wconf 90' lang='lat' dir='ltr'><strong><em>aut</em></strong></span> <span class='ocrx_word' id='word_1_186' title='bbox 508 2783 581 2846; x_wconf 90' lang='lat' dir='ltr'><strong><em>dum</em></strong></span> <span class='ocrx_word' id='word_1_187' title='bbox 597 2781 685 2846; x_wconf 90' lang='lat' dir='ltr'><strong><em>miles</em></strong></span> <span class='ocrx_word' id='word_1_188' title='bbox 700 2781 734 2846; x_wconf 92' lang='lat' dir='ltr'><strong><em>in</em></strong></span> <span class='ocrx_word' id='word_1_189' title='bbox 748 2780 828 2845; x_wconf 91' lang='lat' dir='ltr'><strong><em>bello</em></strong></span> <span class='ocrx_word' id='word_1_190' title='bbox 843 2782 925 2845; x_wconf 88' lang='lat' dir='ltr'><strong><em>iusto</em></strong></span> <span class='ocrx_word' id='word_1_191' title='bbox 940 2790 1068 2865; x_wconf 83' lang='lat' dir='ltr'><strong><em>pugnat,</em></strong></span> <span class='ocrx_word' id='word_1_192' title='bbox 1085 2780 1193 2843; x_wconf 87' lang='lat' dir='ltr'><strong><em>occisio</em></strong></span> <span class='ocrx_word' id='word_1_193' title='bbox 1201 2777 1336 2842; x_wconf 90' lang='lat' dir='ltr'><strong><em>hominis</em></strong></span> <span class='ocrx_word' id='word_1_194' title='bbox 1358 2839 1369 2860; x_wconf 67' lang='grc'><em>,</em></span> 
     </span>
    </p>
   </div>
   <div class='ocr_carea' id='block_1_4' title="bbox 234 2890 1369 4428">
    <p class='ocr_par' dir='ltr' id='par_1_6' title="bbox 234 2890 1369 4428">
     <span class='ocr_line' id='line_1_23' title="bbox 235 2890 1369 2984; baseline -0.005 -26"><span class='ocrx_word' id='word_1_195' title='bbox 235 2917 298 2958; x_wconf 92' lang='lat' dir='ltr'><strong><em>non</em></strong></span> <span class='ocrx_word' id='word_1_196' title='bbox 312 2894 440 2984; x_wconf 76' lang='lat' dir='ltr'><strong><em>haberet</em></strong></span> <span class='ocrx_word' id='word_1_197' title='bbox 452 2895 602 2958; x_wconf 89' lang='lat' dir='ltr'><strong><em>rationem</em></strong></span> <span class='ocrx_word' id='word_1_198' title='bbox 618 2893 728 2977; x_wconf 85' lang='lat' dir='ltr'><strong><em>culpae.</em></strong></span> <span class='ocrx_word' id='word_1_199' title='bbox 774 2893 883 2977; x_wconf 89' lang='lat' dir='ltr'><strong><em>Itaque</em></strong></span> <span class='ocrx_word' id='word_1_200' title='bbox 905 2893 938 2955; x_wconf 93' lang='lat' dir='ltr'><strong><em>in</em></strong></span> <span class='ocrx_word' id='word_1_201' title='bbox 960 2892 1108 2956; x_wconf 90' lang='lat' dir='ltr'><strong><em>occisione</em></strong></span> <span class='ocrx_word' id='word_1_202' title='bbox 1122 2890 1267 2969; x_wconf 90' lang='lat' dir='ltr'><strong><em>hominis,</em></strong></span> <span class='ocrx_word' id='word_1_203' title='bbox 1283 2898 1337 2953; x_wconf 88' lang='lat' dir='ltr'><strong><em>aut</em></strong></span> <span class='ocrx_word' id='word_1_204' title='bbox 1368 2893 1369 2896; x_wconf 71' lang='grc'>’</span> 
     </span>
     <span class='ocr_line' id='line_1_24' title="bbox 234 2993 1336 3088; baseline -0.004 -19"><span class='ocrx_word' id='word_1_205' title='bbox 234 3007 267 3069; x_wconf 90' lang='lat' dir='ltr'><strong><em>in</em></strong></span> <span class='ocrx_word' id='word_1_206' title='bbox 291 3005 350 3070; x_wconf 84' lang='lat' dir='ltr'><strong><em>alio</em></strong></span> <span class='ocrx_word' id='word_1_207' title='bbox 376 3005 469 3068; x_wconf 82' lang='lat' dir='ltr'><strong><em>simili</em></strong></span> <span class='ocrx_word' id='word_1_208' title='bbox 492 3005 583 3083; x_wconf 88' lang='lat' dir='ltr'><strong><em>facto,</em></strong></span> <span class='ocrx_word' id='word_1_209' title='bbox 609 3005 688 3069; x_wconf 89' lang='lat' dir='ltr'><strong><em>actio</em></strong></span> <span class='ocrx_word' id='word_1_210' title='bbox 712 3004 877 3068; x_wconf 85' lang='lat' dir='ltr'><strong><em>materialis</em></strong></span> <span class='ocrx_word' id='word_1_211' title='bbox 900 3012 948 3068; x_wconf 88' lang='lat' dir='ltr'><strong><em>est</em></strong></span> <span class='ocrx_word' id='word_1_212' title='bbox 971 3003 1087 3088; x_wconf 89' lang='lat' dir='ltr'><strong><em>aliquid</em></strong></span> <span class='ocrx_word' id='word_1_213' title='bbox 1109 2993 1283 3088; x_wconf 86' lang='lat' dir='ltr'><strong><em>positivam,</em></strong></span> <span class='ocrx_word' id='word_1_214' title='bbox 1305 3010 1336 3066; x_wconf 89' lang='lat' dir='ltr'><strong><em>et</em></strong></span> 
     </span>
     <span class='ocr_line' id='line_1_25' title="bbox 236 3115 1337 3200; baseline -0.003 -19"><span class='ocrx_word' id='word_1_215' title='bbox 236 3117 353 3182; x_wconf 88' lang='lat' dir='ltr'><strong><em>nullam</em></strong></span> <span class='ocrx_word' id='word_1_216' title='bbox 379 3126 415 3181; x_wconf 87' lang='lat' dir='ltr'><strong><em>ut</em></strong></span> <span class='ocrx_word' id='word_1_217' title='bbox 439 3119 482 3182; x_wconf 87' lang='lat' dir='ltr'><strong><em>sio</em></strong></span> <span class='ocrx_word' id='word_1_218' title='bbox 505 3116 598 3182; x_wconf 88' lang='lat' dir='ltr'><strong><em>habet</em></strong></span> <span class='ocrx_word' id='word_1_219' title='bbox 621 3117 772 3181; x_wconf 89' lang='lat' dir='ltr'><strong><em>rationem</em></strong></span> <span class='ocrx_word' id='word_1_220' title='bbox 794 3117 892 3200; x_wconf 83' lang='lat' dir='ltr'><strong><em>eulpae</em></strong></span> <span class='ocrx_word' id='word_1_221' title='bbox 902 3143 913 3197; x_wconf 89' lang='lat'>;</span> <span class='ocrx_word' id='word_1_222' title='bbox 947 3125 977 3180; x_wconf 90' lang='lat' dir='ltr'><strong><em>et</em></strong></span> <span class='ocrx_word' id='word_1_223' title='bbox 991 3115 1060 3180; x_wconf 89' lang='lat' dir='ltr'><strong><em>ideo</em></strong></span> <span class='ocrx_word' id='word_1_224' title='bbox 1075 3117 1161 3180; x_wconf 89' lang='lat' dir='ltr'><strong><em>Deus</em></strong></span> <span class='ocrx_word' id='word_1_225' title='bbox 1184 3115 1337 3179; x_wconf 84' lang='lat' dir='ltr'><strong><em>concurrit</em></strong></span> 
     </span>
     <span class='ocr_line' id='line_1_26' title="bbox 237 3227 1339 3313; baseline -0.003 -21"><span class='ocrx_word' id='word_1_226' title='bbox 237 3228 366 3313; x_wconf 83' lang='lat' dir='ltr'><strong><em>positive</em></strong></span> <span class='ocrx_word' id='word_1_227' title='bbox 388 3228 427 3292; x_wconf 88' lang='lat' dir='ltr'><strong><em>ad</em></strong></span> <span class='ocrx_word' id='word_1_228' title='bbox 447 3228 531 3292; x_wconf 89' lang='lat' dir='ltr'><strong><em>illam</em></strong></span> <span class='ocrx_word' id='word_1_229' title='bbox 557 3229 718 3308; x_wconf 88' lang='lat' dir='ltr'><strong><em>actionem,</em></strong></span> <span class='ocrx_word' id='word_1_230' title='bbox 734 3236 775 3308; x_wconf 83' lang='lat' dir='ltr'><strong><em>ct,</em></strong></span> <span class='ocrx_word' id='word_1_231' title='bbox 798 3236 835 3291; x_wconf 90' lang='lat' dir='ltr'><strong><em>ut</em></strong></span> <span class='ocrx_word' id='word_1_232' title='bbox 857 3229 909 3306; x_wconf 84' lang='lat' dir='ltr'><strong><em>sic,</em></strong></span> <span class='ocrx_word' id='word_1_233' title='bbox 926 3227 1004 3292; x_wconf 89' lang='lat' dir='ltr'><strong><em>actio</em></strong></span> <span class='ocrx_word' id='word_1_234' title='bbox 1026 3227 1107 3292; x_wconf 92' lang='lat' dir='ltr'><strong><em>eadit</em></strong></span> <span class='ocrx_word' id='word_1_235' title='bbox 1129 3227 1339 3312; x_wconf 85' lang='lat' dir='ltr'><strong><em>subpositiva</em></strong></span> 
     </span>
     <span class='ocr_line' id='line_1_27' title="bbox 237 3338 1337 3425; baseline -0.001 -22"><span class='ocrx_word' id='word_1_236' title='bbox 237 3339 297 3404; x_wconf 91' lang='lat' dir='ltr'><strong><em>Dei</em></strong></span> <span class='ocrx_word' id='word_1_237' title='bbox 312 3338 502 3424; x_wconf 89' lang='lat' dir='ltr'><strong><em>providentia</em></strong></span> <span class='ocrx_word' id='word_1_238' title='bbox 516 3349 548 3404; x_wconf 86' lang='lat' dir='ltr'><strong><em>et</em></strong></span> <span class='ocrx_word' id='word_1_239' title='bbox 570 3339 810 3424; x_wconf 83' lang='lat' dir='ltr'><strong><em>gubernatione:</em></strong></span> <span class='ocrx_word' id='word_1_240' title='bbox 835 3338 889 3402; x_wconf 90' lang='lat' dir='ltr'><strong><em>sed</em></strong></span> <span class='ocrx_word' id='word_1_241' title='bbox 911 3338 1089 3418; x_wconf 79' lang='lat' dir='ltr'><strong><em>formalibus,</em></strong></span> <span class='ocrx_word' id='word_1_242' title='bbox 1104 3347 1337 3425; x_wconf 89' lang='lat' dir='ltr'><strong><em>propterquam</em></strong></span> 
     </span>
     <span class='ocr_line' id='line_1_28' title="bbox 236 3450 1338 3535; baseline -0.002 -19"><span class='ocrx_word' id='word_1_243' title='bbox 236 3452 315 3516; x_wconf 90' lang='lat' dir='ltr'><strong><em>actio</em></strong></span> <span class='ocrx_word' id='word_1_244' title='bbox 336 3451 389 3516; x_wconf 87' lang='lat' dir='ltr'><strong><em>illa</em></strong></span> <span class='ocrx_word' id='word_1_245' title='bbox 410 3452 574 3516; x_wconf 86' lang='lat' dir='ltr'><strong><em>materialis</em></strong></span> <span class='ocrx_word' id='word_1_246' title='bbox 595 3452 688 3516; x_wconf 89' lang='lat' dir='ltr'><strong><em>habet</em></strong></span> <span class='ocrx_word' id='word_1_247' title='bbox 713 3451 863 3516; x_wconf 87' lang='lat' dir='ltr'><strong><em>rationem</em></strong></span> <span class='ocrx_word' id='word_1_248' title='bbox 884 3452 990 3535; x_wconf 84' lang='lat' dir='ltr'><strong><em>culpae,</em></strong></span> <span class='ocrx_word' id='word_1_249' title='bbox 1014 3473 1109 3535; x_wconf 89' lang='lat' dir='ltr'><strong><em>quum</em></strong></span> <span class='ocrx_word' id='word_1_250' title='bbox 1135 3451 1280 3515; x_wconf 87' lang='lat' dir='ltr'><strong><em>consistat</em></strong></span> <span class='ocrx_word' id='word_1_251' title='bbox 1306 3450 1338 3514; x_wconf 91' lang='lat' dir='ltr'><strong><em>in</em></strong></span> 
     </span>
     <span class='ocr_line' id='line_1_29' title="bbox 236 3562 1338 3648; baseline -0.004 -20"><span class='ocrx_word' id='word_1_252' title='bbox 236 3563 405 3648; x_wconf 88' lang='lat' dir='ltr'><strong><em>privatione</em></strong></span> <span class='ocrx_word' id='word_1_253' title='bbox 419 3563 515 3628; x_wconf 89' lang='lat' dir='ltr'><strong><em>debiti</em></strong></span> <span class='ocrx_word' id='word_1_254' title='bbox 529 3563 645 3628; x_wconf 87' lang='lat' dir='ltr'><strong><em>ordinis</em></strong></span> <span class='ocrx_word' id='word_1_255' title='bbox 660 3563 817 3642; x_wconf 89' lang='lat' dir='ltr'><strong><em>adfinem,</em></strong></span> <span class='ocrx_word' id='word_1_256' title='bbox 833 3585 896 3626; x_wconf 89' lang='lat' dir='ltr'><strong><em>non</em></strong></span> <span class='ocrx_word' id='word_1_257' title='bbox 911 3563 1005 3646; x_wconf 85' lang='lat' dir='ltr'><strong><em>exigit</em></strong></span> <span class='ocrx_word' id='word_1_258' title='bbox 1027 3562 1158 3646; x_wconf 84' lang='lat' dir='ltr'><strong><em>aliquem</em></strong></span> <span class='ocrx_word' id='word_1_259' title='bbox 1173 3562 1338 3647; x_wconf 86' lang='lat' dir='ltr'><strong><em>positivum</em></strong></span> 
     </span>
     <span class='ocr_line' id='line_1_30' title="bbox 238 3674 1341 3760; baseline -0.002 -21"><span class='ocrx_word' id='word_1_260' title='bbox 238 3675 298 3739; x_wconf 93' lang='lat' dir='ltr'><strong><em>Dei</em></strong></span> <span class='ocrx_word' id='word_1_261' title='bbox 313 3697 506 3756; x_wconf 90' lang='lat' dir='ltr'><strong><em>concursum,</em></strong></span> <span class='ocrx_word' id='word_1_262' title='bbox 522 3683 563 3755; x_wconf 89' lang='lat' dir='ltr'><strong><em>et,</em></strong></span> <span class='ocrx_word' id='word_1_263' title='bbox 579 3698 675 3760; x_wconf 90' lang='lat' dir='ltr'><strong><em>quum</em></strong></span> <span class='ocrx_word' id='word_1_264' title='bbox 690 3697 726 3739; x_wconf 87' lang='lat' dir='ltr'><strong><em>ex</em></strong></span> <span class='ocrx_word' id='word_1_265' title='bbox 741 3699 773 3740; x_wconf 87' lang='lat' dir='ltr'><strong><em>se</em></strong></span> <span class='ocrx_word' id='word_1_266' title='bbox 788 3675 827 3739; x_wconf 90' lang='lat' dir='ltr'><strong><em>ad</em></strong></span> <span class='ocrx_word' id='word_1_267' title='bbox 842 3675 962 3738; x_wconf 87' lang='lat' dir='ltr'><strong><em>nullum</em></strong></span> <span class='ocrx_word' id='word_1_268' title='bbox 985 3674 1101 3738; x_wconf 92' lang='lat' dir='ltr'><strong><em>bonum</em></strong></span> <span class='ocrx_word' id='word_1_269' title='bbox 1117 3674 1217 3753; x_wconf 89' lang='lat' dir='ltr'><strong><em>ducat,</em></strong></span> <span class='ocrx_word' id='word_1_270' title='bbox 1233 3675 1341 3758; x_wconf 88' lang='lat' dir='ltr'><strong><em>nequit</em></strong></span> 
     </span>
     <span class='ocr_line' id='line_1_31' title="bbox 236 3784 1339 3870; baseline -0.001 -21"><span class='ocrx_word' id='word_1_271' title='bbox 236 3786 356 3851; x_wconf 89' lang='lat' dir='ltr'><strong><em>intendi</em></strong></span> <span class='ocrx_word' id='word_1_272' title='bbox 371 3809 426 3870; x_wconf 91' lang='lat' dir='ltr'><strong><em>per</em></strong></span> <span class='ocrx_word' id='word_1_273' title='bbox 439 3787 600 3870; x_wconf 83' lang='lat' dir='ltr'><strong><em>positivam</em></strong></span> <span class='ocrx_word' id='word_1_274' title='bbox 624 3786 843 3852; x_wconf 88' lang='lat' dir='ltr'><strong><em>intentionem:</em></strong></span> <span class='ocrx_word' id='word_1_275' title='bbox 867 3796 898 3850; x_wconf 91' lang='lat' dir='ltr'><strong><em>et</em></strong></span> <span class='ocrx_word' id='word_1_276' title='bbox 914 3785 956 3850; x_wconf 89' lang='lat' dir='ltr'><strong><em>sic</em></strong></span> <span class='ocrx_word' id='word_1_277' title='bbox 970 3808 1040 3849; x_wconf 87' lang='lat' dir='ltr'><strong><em>non</em></strong></span> <span class='ocrx_word' id='word_1_278' title='bbox 1056 3785 1137 3849; x_wconf 87' lang='lat' dir='ltr'><strong><em>eadit</em></strong></span> <span class='ocrx_word' id='word_1_279' title='bbox 1160 3784 1217 3848; x_wconf 89' lang='lat' dir='ltr'><strong><em>sub</em></strong></span> <span class='ocrx_word' id='word_1_280' title='bbox 1240 3784 1339 3868; x_wconf 90' lang='lat' dir='ltr'><strong><em>provi·</em></strong></span> 
     </span>
     <span class='ocr_line' id='line_1_32' title="bbox 238 3896 1338 3982; baseline -0.004 -20"><span class='ocrx_word' id='word_1_281' title='bbox 238 3897 341 3962; x_wconf 81' lang='lat' dir='ltr'><strong><em>dentis</em></strong></span> <span class='ocrx_word' id='word_1_282' title='bbox 351 3897 488 3982; x_wconf 87' lang='lat' dir='ltr'><strong><em>positive,</em></strong></span> <span class='ocrx_word' id='word_1_283' title='bbox 505 3898 559 3962; x_wconf 90' lang='lat' dir='ltr'><strong><em>sed</em></strong></span> <span class='ocrx_word' id='word_1_284' title='bbox 573 3899 714 3982; x_wconf 83' lang='lat' dir='ltr'><strong><em>negative</em></strong></span> <span class='ocrx_word' id='word_1_285' title='bbox 723 3906 857 3976; x_wconf 87' lang='lat' dir='ltr'><strong><em>tantum,</em></strong></span> <span class='ocrx_word' id='word_1_286' title='bbox 874 3905 1027 3981; x_wconf 87' lang='lat' dir='ltr'><strong><em>quatenus</em></strong></span> <span class='ocrx_word' id='word_1_287' title='bbox 1044 3896 1143 3960; x_wconf 90' lang='lat' dir='ltr'><strong><em>aDeo</em></strong></span> <span class='ocrx_word' id='word_1_288' title='bbox 1164 3917 1227 3958; x_wconf 90' lang='lat' dir='ltr'><strong><em>non</em></strong></span> <span class='ocrx_word' id='word_1_289' title='bbox 1242 3896 1338 3979; x_wconf 89' lang='lat' dir='ltr'><strong><em>impe-</em></strong></span> 
     </span>
     <span class='ocr_line' id='line_1_33' title="bbox 238 4007 1339 4095; baseline -0.003 -22"><span class='ocrx_word' id='word_1_290' title='bbox 238 4009 322 4073; x_wconf 88' lang='lat' dir='ltr'><strong><em>ditur</em></strong></span> <span class='ocrx_word' id='word_1_291' title='bbox 348 4009 481 4074; x_wconf 85' lang='lat' dir='ltr'><strong><em>carentia</em></strong></span> <span class='ocrx_word' id='word_1_292' title='bbox 507 4009 602 4073; x_wconf 90' lang='lat' dir='ltr'><strong><em>debiti</em></strong></span> <span class='ocrx_word' id='word_1_293' title='bbox 625 4008 741 4073; x_wconf 87' lang='lat' dir='ltr'><strong><em>ordinis</em></strong></span> <span class='ocrx_word' id='word_1_294' title='bbox 767 4009 893 4073; x_wconf 79' lang='lat' dir='ltr'><strong><em>insutu</em></strong></span> <span class='ocrx_word' id='word_1_295' title='bbox 918 4008 1054 4095; x_wconf 87' lang='lat' dir='ltr'><strong><em>physico.</em></strong></span> <span class='ocrx_word' id='word_1_296' title='bbox 1101 4007 1169 4070; x_wconf 89' lang='lat' dir='ltr'><strong><em>Hoc</em></strong></span> <span class='ocrx_word' id='word_1_297' title='bbox 1191 4029 1339 4071; x_wconf 84' lang='lat' dir='ltr'><strong><em>veronen</em></strong></span> 
     </span>
     <span class='ocr_line' id='line_1_34' title="bbox 238 4118 1340 4204; baseline -0.001 -20"><span class='ocrx_word' id='word_1_298' title='bbox 238 4128 357 4204; x_wconf 81' lang='lat' dir='ltr'><strong><em>pugnat</em></strong></span> <span class='ocrx_word' id='word_1_299' title='bbox 371 4142 442 4184; x_wconf 89' lang='lat' dir='ltr'><strong><em>cum</em></strong></span> <span class='ocrx_word' id='word_1_300' title='bbox 458 4119 560 4183; x_wconf 89' lang='lat' dir='ltr'><strong><em>divina</em></strong></span> <span class='ocrx_word' id='word_1_301' title='bbox 574 4119 773 4204; x_wconf 89' lang='lat' dir='ltr'><strong><em>providentia.</em></strong></span> <span class='ocrx_word' id='word_1_302' title='bbox 812 4120 893 4183; x_wconf 90' lang='lat' dir='ltr'><strong><em>Nam</em></strong></span> <span class='ocrx_word' id='word_1_303' title='bbox 917 4120 987 4184; x_wconf 89' lang='lat' dir='ltr'><strong><em>finis</em></strong></span> <span class='ocrx_word' id='word_1_304' title='bbox 1010 4119 1120 4183; x_wconf 85' lang='lat' dir='ltr'><strong><em>divinae</em></strong></span> <span class='ocrx_word' id='word_1_305' title='bbox 1142 4118 1340 4203; x_wconf 76' lang='lat' dir='ltr'><strong><em>providentia</em></strong></span> 
     </span>
     <span class='ocr_line' id='line_1_35' title="bbox 237 4229 1341 4315; baseline -0.002 -19"><span class='ocrx_word' id='word_1_306' title='bbox 237 4231 377 4315; x_wconf 74' lang='lat' dir='ltr'><strong><em>prefixus</em></strong></span> <span class='ocrx_word' id='word_1_307' title='bbox 399 4237 445 4294; x_wconf 87' lang='lat' dir='ltr'><strong><em>est</em></strong></span> <span class='ocrx_word' id='word_1_308' title='bbox 466 4229 563 4313; x_wconf 86' lang='lat' dir='ltr'><strong><em>gloria</em></strong></span> <span class='ocrx_word' id='word_1_309' title='bbox 576 4229 636 4293; x_wconf 88' lang='lat' dir='ltr'><strong><em>Dei</em></strong></span> <span class='ocrx_word' id='word_1_310' title='bbox 650 4230 817 4295; x_wconf 85' lang='lat' dir='ltr'><strong><em>extrinseca</em></strong></span> <span class='ocrx_word' id='word_1_311' title='bbox 831 4230 864 4294; x_wconf 93' lang='lat' dir='ltr'><strong><em>in</em></strong></span> <span class='ocrx_word' id='word_1_312' title='bbox 880 4230 1081 4294; x_wconf 89' lang='lat' dir='ltr'><strong><em>determinato</em></strong></span> <span class='ocrx_word' id='word_1_313' title='bbox 1107 4230 1222 4312; x_wconf 88' lang='lat' dir='ltr'><strong><em>gradu:</em></strong></span> <span class='ocrx_word' id='word_1_314' title='bbox 1255 4231 1341 4315; x_wconf 89' lang='lat' dir='ltr'><strong><em>atqui</em></strong></span> 
     </span>
     <span class='ocr_line' id='line_1_36' title="bbox 237 4341 1341 4428; baseline -0.002 -20"><span class='ocrx_word' id='word_1_315' title='bbox 237 4344 333 4422; x_wconf 90' lang='lat' dir='ltr'><strong><em>Deus,</em></strong></span> <span class='ocrx_word' id='word_1_316' title='bbox 350 4341 570 4408; x_wconf 88' lang='lat' dir='ltr'><strong><em>nonobstante</em></strong></span> <span class='ocrx_word' id='word_1_317' title='bbox 592 4342 672 4406; x_wconf 87' lang='lat' dir='ltr'><strong><em>malo</em></strong></span> <span class='ocrx_word' id='word_1_318' title='bbox 694 4342 801 4428; x_wconf 88' lang='lat' dir='ltr'><strong><em>culpae,</em></strong></span> <span class='ocrx_word' id='word_1_319' title='bbox 817 4342 936 4406; x_wconf 90' lang='lat' dir='ltr'><strong><em>obtinet</em></strong></span> <span class='ocrx_word' id='word_1_320' title='bbox 957 4342 1041 4406; x_wconf 89' lang='lat' dir='ltr'><strong><em>hunc</em></strong></span> <span class='ocrx_word' id='word_1_321' title='bbox 1064 4342 1194 4426; x_wconf 87' lang='lat' dir='ltr'><strong><em>gradum</em></strong></span> <span class='ocrx_word' id='word_1_322' title='bbox 1217 4342 1321 4426; x_wconf 85' lang='lat' dir='ltr'><strong><em>gloriae</em></strong></span> <span class='ocrx_word' id='word_1_323' title='bbox 1331 4367 1341 4421; x_wconf 62' lang='grc' dir='ltr'>ι</span> 
     </span>
    </p>
   </div>
   <div class='ocr_carea' id='block_1_5' title="bbox 0 0 1616 4984">
    <p class='ocr_par' dir='ltr' id='par_1_7' title="bbox 0 0 1616 4984">
     <span class='ocr_line' id='line_1_37' title="bbox 0 0 1616 4984; baseline 0 0"><span class='ocrx_word' id='word_1_324' title='bbox 0 0 1616 4984; x_wconf 95' lang='lat' dir='ltr'><strong><em> </em></strong></span> 
     </span>
    </p>
   </div>
  </div>
 </body>
</html>
