3222 4984
257 385 322 449 198
698 405 741 448 nn
758 405 924 450 rvrmrro.
1233 381 1319 466 [cnr.
1336 399 1361 443 1.

257 580 375 637 omnent
403 581 491 638 eetre
515 593 553 636 ec
577 581 686 639 natura
708 577 761 655 rer',
791 575 867 661 quin
891 573 1068 639 intellectus
1094 572 1203 637 debeat
1232 570 1362 658 positive

257 681 393 748 laborare
407 684 447 748 ad
461 705 511 748 eas
525 684 737 750 excludendas.
785 685 836 751 Sic
852 662 983 750 stultum
999 692 1079 750 esset
1095 705 1268 769 supponere
1278 681 1362 767 quod

257 792 297 857 ad
316 793 603 879 apprehendendam
626 795 857 861 determinatam
881 797 1040 862 entitatem
1058 817 1132 860 roae
1146 793 1255 858 debeat
1269 793 1361 857 homo

257 904 417 970 excludere
431 906 559 991 positive
574 908 733 972 entitatem
750 909 851 988 leonis,
866 907 905 973 de
920 929 981 992 quo
995 929 1059 971 non
1075 906 1200 990 cogitat.

301 1019 334 1081 4.
360 1018 486 1082 Obiicies
500 1019 544 1083 2⁰.
569 1018 706 1083 Finitum
722 1020 893 1105 concipitur
906 1020 1030 1083 finitum
1045 1028 1170 1104 propter
1190 1016 1361 1102 apprehen·

259 1128 374 1192 sionem
389 1128 507 1193 limitis.
538 1129 635 1214 Atqui
651 1131 851 1217 apprehensio
862 1130 970 1195 limitis
984 1138 1030 1194 est
1042 1129 1242 1214 apprehensio
1253 1127 1360 1192 absen-

259 1240 311 1304 tiae
324 1239 452 1305 infinitae
473 1240 630 1306 realitatis.
674 1241 760 1326 Ergo
781 1242 905 1305 finitum
921 1241 1093 1326 concipitur
1106 1240 1229 1304 finitum
1248 1239 1287 1303 ob
1308 1260 1360 1323 ap·

260 1351 492 1435 prehensionem
502 1351 648 1416 absentiae
662 1353 792 1416 infinitae
805 1352 973 1417 realitatis:
997 1361 1027 1416 et
1043 1351 1111 1415 ideo
1126 1359 1292 1435 conceptus
1307 1371 1360 1412 en·

258 1461 299 1525 tis
321 1461 402 1525 finiti
423 1463 521 1526 oritur
546 1485 582 1527 ex
602 1472 752 1549 conceptu
771 1464 885 1527 infiniti
904 1463 987 1549 quod
1016 1461 1197 1526 excluditur.
1254 1461 1361 1526 Minor

257 1571 413 1658 probatur.
470 1573 550 1636 Nam
566 1595 631 1652 ens,
648 1573 769 1639 sublato
783 1574 892 1654 limite,
907 1575 944 1638 fit
964 1573 1123 1637 infinitum
1133 1598 1143 1651 3
1173 1593 1248 1656 ergo
1271 1571 1359 1636 limes

258 1682 391 1747 excludit
405 1683 558 1747 infinitam
572 1685 753 1750 realitatem.

301 1793 483 1878 Respondeo
503 1795 602 1879 primo
617 1804 655 1861 tr.
673 1799 722 1861 M.
739 1799 807 1862 dist.
823 1799 894 1862 min.
915 1796 1061 1862 absentiae
1079 1796 1235 1861 obiectivae
1251 1819 1276 1860 e.
1289 1797 1359 1858 min.

257 1905 402 1969 absentiae
415 1906 543 1990 positive
558 1908 699 1992 cogitatae
707 1933 737 1973 n.
749 1911 820 1974 mie.
830 1917 861 1974 et
873 1931 950 1974 eorm.
984 1909 1036 1973 Ad
1050 1908 1263 1994 probationem
1279 1929 1359 1972 coac.

257 2025 350 2080 totum
367 2024 397 2080 et
415 2039 445 2080 e.
463 2040 578 2102 conseq.
621 2019 663 2084 Et
684 2019 749 2084 haec
769 2020 925 2104 responsio
948 2021 1098 2084 sufficeret
1107 2045 1118 2098 3
1140 2042 1214 2082 nam
1229 2015 1277 2083 vel
1300 2017 1360 2103 ipsi

257 2129 354 2213 pueri,
373 2128 431 2193 etsi
445 2129 584 2193 nondum
600 2129 698 2194 sciant
717 2131 851 2214 cogitare
869 2152 999 2214 magnos
1022 2151 1167 2194 numeros
1194 2131 1237 2214 (et
1263 2129 1362 2193 multo

257 2239 359 2304 minus
383 2239 613 2304 multitudinem
636 2241 801 2326 infinitam)
826 2249 962 2306 attamen
985 2249 1173 2324 cognoscunt
1195 2263 1359 2305 numerum

256 2351 425 2416 ternarium
439 2375 504 2416 esse
526 2352 668 2431 finitum;
695 2361 727 2415 et
749 2352 788 2415 ad
810 2352 868 2416 hoc
891 2352 1047 2416 sciendum
1071 2352 1182 2416 sufficit
1197 2351 1258 2416 illis
1273 2351 1359 2430 scire,

258 2485 346 2545 posse
375 2463 507 2527 ternario
535 2462 607 2526 addi
628 2461 675 2528 vel
705 2463 829 2526 unicam
850 2462 1012 2526 unitatem.
1058 2463 1132 2526 Non
1154 2485 1229 2546 ergo
1251 2484 1359 2547 appre-

256 2571 404 2637 henditur
417 2573 539 2637 finitum
553 2595 608 2658 per
623 2573 793 2637 absentiam
807 2573 936 2640 infinitae
950 2572 1096 2636 realitatis
1107 2573 1316 2657 apprehensae.
1351 2607 1353 2610 ·

300 2684 483 2769 Respondeo
507 2683 641 2748 secundo
665 2685 732 2748 dist.
754 2685 803 2747 M.
828 2691 955 2769 propter
979 2683 1252 2769 apprehensionem
1277 2684 1359 2768 posi·

256 2792 350 2859 tivam
368 2795 475 2858 limitis
488 2817 518 2860 e.
534 2796 596 2874 M„
611 2795 784 2880 negativam
800 2817 824 2859 c.
842 2795 891 2858 M.
937 2793 1018 2870 Quia
1038 2794 1078 2859 ad
1095 2792 1271 2858 habendum
1287 2817 1360 2860 eon-

256 2917 380 2992 ceptum
401 2906 481 2971 finiti
502 2929 566 2971 non
587 2916 635 2971 est
657 2929 734 2992 opus
752 2909 882 2991 positive
903 2906 1053 2970 excludere
1067 2906 1235 2986 infinitum,
1251 2907 1284 2971 in
1299 2930 1360 2993 quo

256 3041 328 3082 casu
343 3039 464 3083 neeesse
478 3026 556 3082 esset
571 3019 628 3082 hoc
648 3019 844 3104 praenovisse,
861 3017 915 3081 sed
936 3017 1047 3081 sufficit
1068 3040 1127 3081 ece
1148 3019 1306 3098 includere,
1321 3019 1360 3084 ad

257 3129 341 3214 quod
369 3151 433 3194 non
461 3129 628 3213 requiritur
655 3128 788 3215 praevius
813 3135 978 3212 conceptus
1002 3127 1126 3192 infiniti.
1174 3129 1224 3193 Sic
1246 3129 1286 3193 ad
1309 3152 1359 3195 co·

257 3240 466 3326 gnoscendum
488 3262 554 3304 esse
575 3240 747 3304 humanum
768 3240 850 3325 quod
871 3249 918 3304 est
932 3239 1081 3319 inPetro,
1096 3261 1160 3304 non
1175 3249 1222 3304 est
1237 3262 1359 3306 neeesse

257 3363 292 3418 ut
314 3375 495 3438 cognoscam
517 3375 583 3417 esse
604 3352 776 3416 humanum
798 3352 881 3437 quod
899 3359 945 3414 est
962 3351 996 3415 in
1010 3351 1118 3416 Paullo
1132 3359 1163 3415 et
1177 3352 1312 3432 Andrea,
1327 3363 1358 3417 et

257 3464 372 3529 Jacobo
386 3472 417 3528 et
432 3462 550 3528 caeteris
564 3462 751 3540 hominibus,
767 3469 803 3525 ut
817 3461 895 3526 illud
909 3461 1059 3526 excludam
1071 3461 1201 3546 positive
1216 3483 1234 3525 a
1248 3462 1358 3528 Petro:

258 3575 311 3641 sed
327 3576 399 3641 satis
413 3583 460 3640 est
475 3575 501 3639 si
515 3575 548 3640 in
563 3574 690 3639 entitate
705 3573 863 3637 individua
878 3573 961 3637 Petri
975 3595 1038 3637 non
1053 3572 1215 3656 attingem3
1230 3580 1262 3637 et
1284 3595 1357 3638 eone

250 3689 420 3774 'sequenter
434 3711 492 3752 eon
507 3688 662 3766 includam,
675 3695 801 3751 caeteros
815 3685 976 3763 homines;
999 3691 1035 3748 ut
1049 3693 1095 3748 est
1109 3707 1164 3770 per
1179 3707 1211 3750 se
1222 3686 1357 3753 evidens.

256 3801 298 3865 Et
328 3807 452 3886 propter
475 3800 532 3863 hoc
557 3798 629 3876 dixi,
652 3797 774 3861 finitum
795 3796 916 3880 concipi
931 3815 987 3881 per
1005 3799 1170 3880 cepaticum
1187 3799 1357 3883 apprehen·
1394 3859 1397 3866 .

253 3914 373 3976 sionem
382 3910 503 3975 limitis:
519 3908 551 3973 id
563 3917 609 3973 est
617 3931 672 3993 per
680 3929 744 3971 non
755 3907 1026 3992 apprehensionem
1037 3906 1191 3973 ulterioris
1199 3909 1356 3976 realitatis.

255 4025 338 4089 Nam
360 4020 586 4108 apprehendere
608 4018 776 4083 absentiam
799 4018 844 4082 rei
865 4027 912 4082 est
933 4041 992 4082 uon
1009 4020 1222 4102 apprehendere
1238 4042 1303 4086 rem
1318 4022 1357 4087 de

255 4159 317 4222 qua
331 4135 442 4218 agitur.

260 4280 261 4283 ¹
298 4249 330 4312 5.
357 4247 484 4310 Obiier'ee
505 4245 550 4308 3⁰.
572 4239 826 4326 Unumquodque
847 4240 1042 4323 cognoscitur
1063 4264 1118 4326 per
1139 4243 1181 4323 id,
1200 4266 1262 4330 quo
1283 4267 1357 4310 con·

254 4356 405 4434 stituitur,
419 4355 451 4418 id
465 4361 511 4419 est
525 4376 581 4438 per
594 4373 681 4415 suam
696 4351 825 4413 formam
839 4375 852 4412 ε·
871 4349 923 4413 sed
938 4349 1035 4416 forma
1049 4353 1130 4417 finiti
1144 4365 1192 4420 est
1206 4355 1356 4422 finitudo:
