3240 4986
239 335 282 398 86
672 387 674 394 .
694 353 737 398 nn
755 352 886 398 unuoo.
1211 325 1299 409 [0A1’·
1315 339 1340 384 1·

241 519 497 605 universalia'per
517 519 592 584 alias
612 527 644 585 et
663 517 737 583 alias
753 516 932 602 negationes
949 513 1159 598 negationum,
1174 507 1270 573 donec
1289 527 1341 570 ex-

241 631 360 696 haustis
388 631 532 696 omnibus
559 630 759 716 negationum
788 625 1014 712 negationibus,
1043 624 1108 688 ideo
1135 621 1190 684 fiat
1221 617 1341 682 infinite

242 738 994 827 affirmativa,etseipssmextotooomprehendst.
1040 735 1115 798 Haec
1124 733 1190 798 idea
1204 751 1341 814 eompre-
1377 807 1381 810 .

243 853 368 920 hensive
387 853 436 920 sui
458 854 515 919 erit
530 854 636 919 Deus:
659 854 724 918 idea
738 874 809 918 vero
831 851 946 929 eadem,
962 855 1114 934 quatenus
1127 843 1227 909 tendit
1243 841 1344 906 adhue

243 985 298 1048 per
312 964 486 1049 supradicta
497 973 652 1030 momenta
662 964 703 1030 ad
712 964 792 1029 hanc
803 960 1103 1046 comprehensionem
1116 956 1173 1036 sui,
1182 963 1229 1020 est
1240 975 1342 1019 rerum

245 1074 436 1155 universitas,
450 1086 482 1141 et
497 1078 580 1142 Deua
594 1077 741 1162 infieri*.
776 1079 778 1086 ’

279 1287 298 1325 ·
315 1284 396 1342 Secta
403 1285 592 1362 panthsistica,
603 1285 755 1342 Germanice
764 1286 831 1344 fines
840 1291 1012 1358 magram
1021 1283 1140 1342 mutavit
1146 1300 1239 1338 sanam
1245 1281 1346 1338 docui·

244 1386 317 1441 nam,
329 1371 492 1446 ubicumque
503 1372 602 1446 potuit,
615 1390 790 1446 corrumpere.
827 1373 861 1427 In
873 1373 968 1446 Belgio
980 1373 1088 1426 Abrens
1099 1371 1165 1426 setis
1176 1375 1271 1426 acutus
1282 1368 1346 1442 phi·

245 1457 382 1532 losophus,
395 1459 518 1532 quamvis
529 1477 557 1515 se
571 1478 627 1514 non
644 1460 794 1515 consentire
808 1478 872 1516 cnm
884 1459 1052 1534 philosophis
1069 1455 1346 1514 transcendentalibus

245 1545 328 1600 verbo
336 1546 501 1618 profiteatur,
510 1546 598 1618 quoad
606 1563 664 1602 rem
670 1546 872 1619 pantheismnm
880 1546 988 1616 docuit3
1006 1545 1129 1600 aitenim
1137 1543 1252 1600 alicubi:
1269 1544 1348 1597 Totus

247 1632 360 1688 mundus
374 1633 421 1686 suh
438 1633 556 1688 omnihus
571 1633 723 1703 respectans
740 1639 777 1688 eat
788 1633 817 1688 ia
828 1633 894 1703 Deo,
907 1633 969 1705 quis
984 1633 1038 1688 eius
1049 1632 1158 1687 mentia
1168 1637 1205 1686 est
1217 1649 1249 1685 ee
1259 1629 1348 1684 divina

247 1719 364 1788 meeum,
376 1725 401 1774 et
412 1720 546 1774 existentia
558 1737 647 1775 rerum
658 1720 725 1774 ciiii
734 1727 771 1776 eat
780 1721 859 1790 aliud,
871 1727 901 1775 ct
916 1721 1036 1789 ciebimus,
1048 1720 1101 1774 arbi
1117 1718 1225 1774 mercia
1240 1718 1345 1772 notata

247 1804 351 1860 Leviter
362 1823 423 1876 epo
433 1805 625 1860 resecantur
637 1807 683 1878 qai
690 1814 794 1877 ponuat
811 1807 1000 1862 distinctiones
1018 1807 1087 1860 inter
1104 1805 1198 1860 mundi
1213 1803 1348 1859 suediam

248 1896 272 1944 et
289 1891 343 1945 eries
360 1891 456 1946 realem
473 1892 644 1962 aeiuentiam,
656 1899 686 1946 ut
703 1894 813 1948 adeam
830 1894 859 1948 sic
875 1893 963 1948 diuina
978 1893 1086 1947 essentia
1098 1891 1230 1946 absorberi
1232 1889 1349 1964 sociam,

248 1978 351 2032 metesa
362 1977 445 2032 ultera
457 1977 557 2050 (Gours
568 1979 602 2032 de
613 1978 710 2050 philos.
723 1997 750 2052 p.
763 1979 838 2050 268).
864 1979 998 2051 Opinstur
1009 1984 1109 2047 autem,
1121 1995 1163 2032 res
1174 1995 1267 2032 omnes
1278 1975 1350 2030 nihil

249 2063 324 2118 eliud
341 2081 407 2134 esse,
419 2063 473 2118 nisi
490 2063 590 2119 divinae
608 2069 713 2120 nature
731 2065 962 2120 manifestationes
978 2065 1122 2138 oppositas,
1134 2081 1248 2135 quarum
1258 2062 1350 2116 unitas

250 2156 277 2204 et
289 2150 417 2206 identitas
429 2151 465 2205 sit
476 2151 533 2224 ipse
545 2152 635 2221 Deus;
654 2169 731 2207 secus
742 2147 815 2208 enim
826 2153 950 2224 ponenda
967 2155 1057 2206 ament
1073 2151 1128 2206 duo
1143 2149 1283 2223 principia,
1295 2147 1351 2203 fere

249 2238 320 2294 sicut
331 2256 348 2295 a
358 2239 520 2295 Manichaeis
532 2240 620 2313 posita
631 2245 705 2295 sunt.
741 2240 775 2294 In
786 2258 841 2294 uno
852 2239 926 2294 enim
936 2239 996 2294 Deo
1008 2238 1109 2311 duplex
1124 2237 1259 2310 categoria
1273 2237 1351 2290 inve-

249 2327 331 2396 nitur,
343 2344 441 2400 nempe
452 2328 562 2382 absoiutr'
571 2332 600 2382 et
611 2327 725 2399 ivptaiti:
744 2327 774 2382 in
782 2327 870 2401 prima
881 2327 1054 2381 continentur
1064 2325 1179 2397 spiritua
1187 2324 1217 2378 in
1228 2323 1282 2378 alia
1292 2341 1351 2377 eor·

245 2431 331 2486 pera:
350 2418 379 2470 et
396 2413 435 2469 sic
453 2417 512 2470 tots
528 2431 617 2471 rerum
635 2413 798 2468 universitas
815 2413 845 2467 in
862 2431 917 2468 uno
928 2412 987 2468 Deo
1003 2416 1045 2468 est
1057 2417 1159 2467 etcum
1170 2411 1219 2466 illc
1230 2409 1352 2466 identifi-

251 2505 334 2555 catur.
371 2499 417 2556 Sic
428 2500 484 2556 fere
496 2501 612 2555 Ahrens

285 2587 319 2640 In
332 2586 424 2642 Galba
435 2587 538 2642 Oousin
548 2588 629 2659 plura
643 2587 744 2656 docuit,
763 2604 824 2659 quae
842 2587 932 2659 ipsum
949 2586 1151 2660 panthaismnm
1168 2585 1353 2658 germanicum

251 2678 364 2728 sonant:
383 2673 486 2743 asserit,
498 2673 571 2729 inter
582 2674 643 2743 alia,
655 2674 746 2728 Deum
757 2691 812 2727 non
823 2691 880 2728 esse
895 2673 1069 2746 relegandum
1086 2673 1121 2728 ad
1138 2672 1257 2745 aliquam
1274 2673 1353 2728 abso-
1453 2681 1456 2686 ’

251 2761 339 2822 lutam
358 2765 387 2816 et
406 2761 553 2816 solitariam
572 2760 748 2816 existentiam
768 2760 857 2815 nihilo
876 2760 1002 2830 similem,
1016 2760 1064 2815 ssd
1084 2760 1175 2815 Deum
1194 2777 1251 2814 esse
1271 2777 1355 2814 unam

254 2848 353 2904 realem
370 2846 557 2916 substantiam,
574 2846 755 2902 substantiam
772 2847 854 2904 simul
875 2853 903 2902 et
921 2865 1038 2918 causam,
1054 2865 1159 2920 semper
1177 2846 1355 2904 substantiam

254 2940 282 2988 et
294 2950 399 3007 semper
410 2950 525 3003 eausam,
536 2951 621 3005 quum
631 2952 687 2988 non
699 2933 735 2988 sit
746 2933 897 2989 substantia
908 2935 961 2988 nisi
973 2935 1003 2989 in
1011 2940 1145 3006 quantum
1153 2923 1195 2988 est
1203 2951 1292 3004 causa,
1305 2951 1355 2988 nee

254 3030 336 3075 carme
352 3019 406 3073 nisi
423 3018 453 3072 in
470 3024 601 3090 quantum
617 3025 659 3074 est
670 3019 838 3075 substantia:
857 3025 899 3075 est
910 3021 983 3075 enim
995 3037 1076 3076 cause
1087 3020 1218 3090 absoluta,
1231 3038 1317 3074 unum
1330 3025 1358 3074 et

255 3105 351 3174 multe,
363 3104 501 3160 eternitas
513 3111 541 3161 et
558 3110 674 3179 tempus,
687 3107 805 3179 spatium
820 3112 848 3162 et
859 3125 996 3178 numerus,
1009 3107 1127 3163 essentia
1138 3112 1166 3162 et
1176 3107 1243 3178 vita,
1255 3107 1357 3162 indivi-

257 3192 374 3248 dualitas
391 3197 421 3246 et
437 3192 566 3262 totalitas,
584 3193 757 3267 principium,
774 3194 837 3248 finis
854 3199 883 3250 et
899 3194 1028 3264 medium,
1046 3194 1077 3249 in
1095 3194 1203 3266 fastigio
1226 3193 1359 3250 realitatis

257 3279 361 3352 positus
378 3282 406 3332 et
423 3278 453 3332 in
470 3278 566 3334 infimo
582 3280 714 3336 realitatis
731 3281 824 3352 gradu,
841 3279 965 3336 infinitus
982 3281 1065 3336 simul
1082 3281 1230 3352 etfinitus,
1247 3281 1359 3336 tandem

258 3365 365 3437 triplex,
377 3364 508 3420 videlieet
520 3365 602 3420 simul
613 3368 695 3436 Deris,
708 3353 820 3436 Natura,
834 3373 863 3421 et
875 3369 1046 3423 Humanitas.

259 3497 262 3504 .
293 3450 1360 3527 InterItalosVincentiusGiobertipantheismumrationalem,quemmaxime

259 3538 371 3607 redolet,
387 3537 516 3594 invehere
533 3543 645 3594 censura
663 3544 712 3594 est
748 3539 805 3595 Hic
822 3539 936 3612 scriptor
952 3541 1027 3596 tollit
1043 3541 1122 3597 rebus
1140 3543 1237 3598 creatis
1253 3560 1362 3598 omnam

261 3620 519 3693 cognoscibilitatem
529 3621 570 3692 (st
579 3627 773 3693 consequenter
780 3640 889 3678 omnem
898 3623 1055 3695 entitatem)
1064 3623 1209 3698 propriam,
1218 3630 1247 3681 et
1258 3625 1361 3694 asserit,

261 3723 305 3758 eas
318 3704 465 3774 pecerieum
481 3703 510 3756 in
529 3721 558 3758 se
571 3703 770 3758 consideratum
788 3722 845 3761 esse
860 3722 908 3760 sne
923 3707 1110 3776 necessarium,
1122 3707 1270 3777 infinitum,
1282 3707 1362 3777 reale,

262 3808 366 3844 summe
378 3789 585 3859 intellectivam,
595 3795 752 3844 creatorem.
789 3791 879 3856 Quare
891 3792 1036 3861 concludit,
1048 3811 1103 3847 non
1115 3811 1192 3866 posse
1208 3793 1300 3848 haberi
1317 3812 1363 3849 cc-

263 3879 413 3951 gnitionem
430 3877 470 3933 rei
487 3878 631 3950 singularis
646 3879 705 3933 sine
721 3877 826 3932 intuitu
842 3883 919 3935 actus
930 3879 1050 3949 creativi,
1062 3896 1117 3951 quo
1128 3898 1175 3934 ens
1186 3881 1309 3952 generale
1321 3881 1364 3934 in·

264 3963 419 4018 dividuatur
432 3961 546 4034 (lntrod
556 3961 610 4017 allo
621 3962 712 4017 studio
721 3963 793 4018 della
803 3963 990 4019 Filosofisvol.
999 3965 1023 4020 2.
1033 3983 1060 4036 p.
1071 3965 1137 4036 214)
1148 3983 1155 4018 ε
1174 3970 1202 4018 et
1213 3965 1366 4020 multaelia

264 4051 347 4106 habet
358 4068 420 4106 cum
437 4049 609 4123 pantheismo
620 4049 773 4104 Germaniae
785 4051 865 4106 valde
882 4050 980 4122 affinis,
991 4050 1056 4106 lieet
1072 4051 1186 4106 formam
1206 4051 1366 4108 elocutionis

266 4139 357 4192 minus
379 4137 522 4192 absurdam
543 4137 703 4208 plerumque
718 4136 887 4206 adhibuerit,
909 4137 1069 4209 etquidem
1092 4137 1307 4210 prudentissime,
1331 4157 1367 4194 ne

265 4226 377 4280 lectores
402 4223 497 4277 statim
522 4223 552 4277 in
577 4223 757 4296 suspicionem
783 4223 927 4278 adduceret
952 4224 1087 4280 falsitatis.
1123 4226 1207 4280 Hunc
1230 4231 1367 4282 auctorem

266 4311 385 4366 refutant
407 4309 539 4365 ordinarie
557 4310 716 4382 philosophi
732 4310 762 4363 in
779 4310 961 4382 psychologia,
984 4313 1092 4382 quando
1110 4324 1194 4384 agunt
1212 4314 1245 4367 de
1264 4313 1368 4386 origine
