3212 4986
748 329 804 403 vii

228 523 322 600 riale
349 528 460 600 actus
489 524 613 614 liberi,
643 529 682 601 et
711 549 792 600 esse
822 531 949 602 actem
979 527 1139 602 leminis
1163 529 1331 614 tantum,

229 649 349 725 donec
364 650 557 738 voluntas,
576 649 709 725 habita
726 650 978 740 advertentia,
997 673 1089 724 eum
1106 649 1265 738 sanciat,
1293 653 1332 724 et

226 773 504 848 formalitatem
514 779 621 848 actae
634 777 789 849 lamaci
801 799 846 850 ac
859 774 972 849 liberi
984 775 1044 848 illi
1061 774 1330 850 communicet.

229 897 361 988 Quum
374 899 506 972 autem
514 896 661 973 additio
673 899 791 974 huius
804 899 1050 975 formalitatis
1060 923 1141 975 non
1150 899 1330 998 importet

226 1023 367 1097 novam
391 1022 684 1121 productionem
710 1028 820 1099 actus
837 1024 999 1124 physici,
1019 1024 1087 1098 sed
1107 1047 1332 1122 permanen·

227 1149 324 1223 tiam
334 1147 518 1223 reflexam
530 1147 572 1221 in
582 1151 674 1224 actu
685 1149 823 1248 posito,
838 1148 1086 1224 concluditur
1107 1149 1211 1248 quod
1220 1152 1331 1224 actus

227 1271 434 1360 humanus,
453 1272 544 1348 licet
568 1272 742 1371 indigeat
759 1274 1013 1373 praemotione
1029 1273 1189 1372 physica
1206 1274 1332 1371 quoad

227 1395 268 1470 id
278 1397 382 1495 quod
393 1421 433 1471 se
446 1398 564 1473 habet
574 1399 1129 1487 materialiteradlibertatem,
1144 1423 1224 1473 non
1233 1399 1330 1474 indi·
1363 1499 1370 1509 ⁵

228 1526 292 1621 get
309 1522 385 1596 nisi
403 1523 633 1599 simidtaneo
651 1548 844 1600 concursu
855 1525 983 1624 quoad
991 1524 1033 1600 id
1043 1525 1147 1623 quod
1164 1548 1205 1599 se
1215 1524 1332 1599 habet

226 1647 461 1737 formaliter;
499 1652 539 1724 et
571 1650 657 1725 ideo
691 1653 802 1725 actus
829 1652 1023 1730 humanus
1056 1653 1103 1744 ut
1135 1651 1331 1724 humanus

178 1853 181 1861 ,
226 1775 478 1873 praemotione
497 1775 654 1872 quidem
677 1777 837 1875 physica
861 1777 1199 1875 praeparaturam
1221 1777 1331 1851 nulla

226 1900 478 1999 praemotione
495 1901 654 2000 physica
672 1902 963 1976 determinatur.
1026 1902 1158 1999 Atque
1175 1902 1249 1975 hoc
1272 1906 1330 1976 est

226 2024 388 2098 fortasse
418 2025 522 2122 quod
554 2025 683 2123 plures
711 2025 916 2100 Themista
950 2025 1203 2100 intendebant
1237 2026 1330 2101 dum

225 2149 423 2247 physicam
439 2149 883 2246 praedeterminationem
909 2173 1000 2224 cum
1024 2149 1203 2224 libertate
1230 2154 1330 2225 stare

226 2296 337 2371 posse
367 2273 567 2349 dicebant:
606 2298 840 2373 quamquam
862 2273 1064 2347 fatendum
1087 2274 1148 2361 sit,
1170 2275 1330 2349 modum

226 2400 420 2498 loquendi,
457 2424 533 2498 quo
567 2400 789 2487 utebantur,
835 2398 1041 2474 sufficienti
1083 2398 1330 2474 distinctione

227 2525 405 2600 caruisse.
457 2527 518 2599 De
546 2549 623 2623 qua
647 2549 689 2599 re
714 2524 815 2598 nihil
839 2523 946 2598 aliud
971 2525 1110 2599 addam
1134 2524 1328 2614 hocloco,

226 2650 302 2724 nisi
319 2651 423 2749 quod
439 2651 555 2727 verba
574 2648 737 2725 Ooncilii
753 2649 970 2724 Tridentini
987 2649 1157 2724 docentis
1172 2652 1330 2724 liberum

227 2778 428 2848 arbitrieaa
456 2781 597 2850 melma
622 2781 661 2851 et
685 2779 892 2850 excitatae
918 2801 942 2848 a
959 2777 1044 2850 Dec
1061 2778 1257 2871 cooperari
1274 2778 1330 2850 di·

228 2903 325 2975 aaa
351 2904 518 2988 motioni,
551 2906 589 2976 el
602 2925 715 2997 poree
732 2903 945 3008 dissentire,
963 2904 998 2975 si
1026 2904 1129 2990 celii,
1148 2901 1330 2976 videntur

227 3025 325 3099 mihi
337 3028 424 3126 tam
436 3024 602 3114 facilem,
622 3026 797 3101 strictam
814 3029 854 3100 et
871 3028 1092 3116 accuratam
1110 3025 1332 3125 explicatio·

226 3174 317 3224 nem
334 3149 474 3224 habere
497 3127 540 3222 in
559 3173 646 3224 mea
664 3149 867 3237 sententia,
885 3153 931 3224 ut
954 3149 1021 3224 vix
1036 3153 1174 3248 putem
1197 3174 1328 3248 quem·

226 3299 344 3372 quam
361 3298 409 3349 ex
438 3275 532 3374 ipsis
549 3275 804 3351 Bannesianis
821 3275 864 3348 in
880 3298 925 3351 ea
941 3275 1159 3375 recipienda
1175 3276 1328 3351 haesita·
1385 3365 1394 3380 ⁸

226 3404 374 3475 turum.

272 3525 452 3600 Ultimus
468 3529 658 3602 tractatus
684 3527 884 3602 notionem
901 3529 940 3600 et
965 3525 1217 3625 proprietates
1242 3527 1328 3600 infi-

226 3651 302 3727 niti
311 3651 486 3748 inquirit,
500 3655 539 3726 et
550 3653 741 3727 celebrem
752 3651 1007 3751 quaestionem
1018 3652 1065 3726 de
1074 3651 1329 3750 possibilitate

224 3775 489 3850 multitudinis
506 3779 598 3851 actu
621 3776 795 3863 infinitae,
815 3799 902 3873 quae
918 3778 1005 3874 post
1021 3776 1165 3850 multas
1183 3776 1328 3875 discep-

223 3901 391 3976 tationes
413 3900 484 3974 sub
506 3901 631 3976 iudice
651 3901 787 3976 relicta
802 3900 890 3988 fuit,
910 3900 1132 3975 solvendam
1151 3901 1325 3976 assumit.

225 4024 439 4125 Specialem
463 4025 564 4098 hanc
590 4025 638 4099 de
662 4024 816 4098 infinito
842 4024 1180 4122 investigationem
1210 4027 1325 4102 susci-

223 4149 406 4248 piendam
423 4149 517 4224 duxi
533 4175 613 4223 non
626 4150 711 4225 ideo
729 4151 855 4224 solum
868 4150 971 4248 quod
987 4150 1030 4222 in
1046 4150 1222 4248 pluribus
1239 4152 1324 4226 aliis

225 4275 501 4374 quaestionibus
536 4275 749 4350 utilitatem
787 4277 902 4350 habet
940 4275 1000 4366 (V.
1041 4276 1194 4351 Balmes
1228 4277 1321 4375 phil.
