<?xml version="1.0" encoding="UTF-8"?>
<!DOCTYPE html PUBLIC "-//W3C//DTD XHTML 1.0 Transitional//EN"
    "http://www.w3.org/TR/xhtml1/DTD/xhtml1-transitional.dtd">
<html xmlns="http://www.w3.org/1999/xhtml" xml:lang="en" lang="en">
 <head>
  <title>
</title>
<meta http-equiv="Content-Type" content="text/html;charset=utf-8" />
  <meta name='ocr-system' content='tesseract 3.04.00' />
  <meta name='ocr-capabilities' content='ocr_page ocr_carea ocr_par ocr_line ocrx_word'/>
</head>
<body>
  <div class='ocr_page' id='page_1' title='image "./realisphilosoph01baymgoog_0232.png"; bbox 0 0 3222 4984; ppageno 0'>
   <div class='ocr_carea' id='block_1_1' title="bbox 223 369 1325 455">
    <p class='ocr_par' dir='ltr' id='par_1_1' title="bbox 223 369 1325 455">
     <span class='ocr_line' id='line_1_1' title="bbox 223 369 1325 455; baseline -0.003 -17"><span class='ocrx_word' id='word_1_1' title='bbox 223 390 294 438; x_wconf 78' lang='lat' dir='ltr'><strong>car.</strong></span> <span class='ocrx_word' id='word_1_2' title='bbox 312 369 366 455; x_wconf 64' lang='grc' dir='ltr'><strong>ιι]</strong></span> <span class='ocrx_word' id='word_1_3' title='bbox 657 391 699 436; x_wconf 80' lang='lat' dir='ltr'><strong>aa</strong></span> <span class='ocrx_word' id='word_1_4' title='bbox 716 393 882 438; x_wconf 78' lang='lat' dir='ltr'><strong>mammo.</strong></span> <span class='ocrx_word' id='word_1_5' title='bbox 1119 417 1124 426; x_wconf 83' lang='lat'><em>·</em></span> <span class='ocrx_word' id='word_1_6' title='bbox 1259 371 1325 436; x_wconf 77' lang='lat'><strong>21⁷</strong></span> 
     </span>
    </p>
   </div>
   <div class='ocr_carea' id='block_1_2' title="bbox 220 554 1325 2766">
    <p class='ocr_par' dir='ltr' id='par_1_2' title="bbox 220 554 1325 2200">
     <span class='ocr_line' id='line_1_2' title="bbox 222 554 1323 642; baseline 0.004 -22"><span class='ocrx_word' id='word_1_7' title='bbox 222 556 345 642; x_wconf 81' lang='lat' dir='ltr'><strong>praeciae</strong></span> <span class='ocrx_word' id='word_1_8' title='bbox 359 554 482 641; x_wconf 81' lang='lat' dir='ltr'>aliquod</span> <span class='ocrx_word' id='word_1_9' title='bbox 496 555 619 621; x_wconf 91' lang='lat' dir='ltr'><strong>finitum</strong></span> <span class='ocrx_word' id='word_1_10' title='bbox 635 556 667 620; x_wconf 91' lang='lat' dir='ltr'><strong>in</strong></span> <span class='ocrx_word' id='word_1_11' title='bbox 682 557 804 622; x_wconf 89' lang='lat' dir='ltr'><strong>infinito</strong></span> <span class='ocrx_word' id='word_1_12' title='bbox 818 557 950 622; x_wconf 76' lang='lat' dir='ltr'><strong>existens</strong></span> <span class='ocrx_word' id='word_1_13' title='bbox 958 583 968 637; x_wconf 88' lang='lat'>;</span> <span class='ocrx_word' id='word_1_14' title='bbox 991 562 1022 622; x_wconf 93' lang='lat' dir='ltr'><strong>et</strong></span> <span class='ocrx_word' id='word_1_15' title='bbox 1037 578 1128 622; x_wconf 90' lang='lat' dir='ltr'><strong>omne</strong></span> <span class='ocrx_word' id='word_1_16' title='bbox 1147 557 1270 623; x_wconf 88' lang='lat' dir='ltr'><strong>finitum</strong></span> <span class='ocrx_word' id='word_1_17' title='bbox 1290 557 1323 624; x_wconf 90' lang='lat' dir='ltr'><strong>iu</strong></span> 
     </span>
     <span class='ocr_line' id='line_1_3' title="bbox 221 669 1324 755; baseline -0.001 -21"><span class='ocrx_word' id='word_1_18' title='bbox 221 669 343 734; x_wconf 90' lang='lat' dir='ltr'><strong>infinito</strong></span> <span class='ocrx_word' id='word_1_19' title='bbox 365 669 506 749; x_wconf 76' lang='lat' dir='ltr'>existens,</span> <span class='ocrx_word' id='word_1_20' title='bbox 519 669 607 733; x_wconf 80' lang='lat' dir='ltr'><strong>&#39;salvo</strong></span> <span class='ocrx_word' id='word_1_21' title='bbox 629 669 759 749; x_wconf 86' lang='lat' dir='ltr'><strong>infinito,</strong></span> <span class='ocrx_word' id='word_1_22' title='bbox 778 670 846 734; x_wconf 90' lang='lat' dir='ltr'><strong>tolli</strong></span> <span class='ocrx_word' id='word_1_23' title='bbox 867 678 978 755; x_wconf 85' lang='lat' dir='ltr'><strong>potest.</strong></span> <span class='ocrx_word' id='word_1_24' title='bbox 1024 669 1116 747; x_wconf 82' lang='lat' dir='ltr'><strong>Quod</strong></span> <span class='ocrx_word' id='word_1_25' title='bbox 1138 691 1201 734; x_wconf 89' lang='lat' dir='ltr'><strong>uno</strong></span> <span class='ocrx_word' id='word_1_26' title='bbox 1223 669 1324 733; x_wconf 92' lang='lat' dir='ltr'><strong>adhuc</strong></span> 
     </span>
     <span class='ocr_line' id='line_1_4' title="bbox 221 779 1324 865; baseline -0.001 -20"><span class='ocrx_word' id='word_1_27' title='bbox 221 780 359 865; x_wconf 85' lang='lat' dir='ltr'><strong>exemplo</strong></span> <span class='ocrx_word' id='word_1_28' title='bbox 382 779 546 844; x_wconf 79' lang='lat' dir='ltr'><strong>clarissima</strong></span> <span class='ocrx_word' id='word_1_29' title='bbox 571 780 741 845; x_wconf 86' lang='lat' dir='ltr'><strong>ostendam.</strong></span> <span class='ocrx_word' id='word_1_30' title='bbox 786 782 869 846; x_wconf 88' lang='lat' dir='ltr'><strong>Nam</strong></span> <span class='ocrx_word' id='word_1_31' title='bbox 894 781 980 845; x_wconf 80' lang='lat' dir='ltr'><strong>Deua</strong></span> <span class='ocrx_word' id='word_1_32' title='bbox 1010 803 1073 846; x_wconf 92' lang='lat' dir='ltr'><strong>non</strong></span> <span class='ocrx_word' id='word_1_33' title='bbox 1096 781 1200 844; x_wconf 84' lang='lat' dir='ltr'><strong>minua</strong></span> <span class='ocrx_word' id='word_1_34' title='bbox 1225 780 1324 844; x_wconf 89' lang='lat' dir='ltr'><strong>omni·</strong></span> 
     </span>
     <span class='ocr_line' id='line_1_5' title="bbox 222 891 1325 977; baseline -0.001 -21"><span class='ocrx_word' id='word_1_35' title='bbox 222 901 332 977; x_wconf 83' lang='lat' dir='ltr'><strong>potens</strong></span> <span class='ocrx_word' id='word_1_36' title='bbox 356 899 403 955; x_wconf 84' lang='lat' dir='ltr'><strong>eet</strong></span> <span class='ocrx_word' id='word_1_37' title='bbox 428 899 498 976; x_wconf 86' lang='lat' dir='ltr'><strong>post</strong></span> <span class='ocrx_word' id='word_1_38' title='bbox 522 891 704 955; x_wconf 79' lang='lat' dir='ltr'><strong>creationem</strong></span> <span class='ocrx_word' id='word_1_39' title='bbox 731 891 850 970; x_wconf 89' lang='lat' dir='ltr'><strong>mundi,</strong></span> <span class='ocrx_word' id='word_1_40' title='bbox 871 913 964 976; x_wconf 91' lang='lat' dir='ltr'><strong>quam</strong></span> <span class='ocrx_word' id='word_1_41' title='bbox 989 891 1085 976; x_wconf 87' lang='lat' dir='ltr'><strong>prius,</strong></span> <span class='ocrx_word' id='word_1_42' title='bbox 1104 913 1160 955; x_wconf 89' lang='lat' dir='ltr'><strong>nec</strong></span> <span class='ocrx_word' id='word_1_43' title='bbox 1183 891 1325 976; x_wconf 78' lang='lat' dir='ltr'><strong>pauciora</strong></span> 
     </span>
     <span class='ocr_line' id='line_1_6' title="bbox 222 1003 1324 1088; baseline 0 -20"><span class='ocrx_word' id='word_1_44' title='bbox 222 1025 305 1068; x_wconf 90' lang='lat' dir='ltr'><strong>nunc</strong></span> <span class='ocrx_word' id='word_1_45' title='bbox 328 1025 427 1067; x_wconf 88' lang='lat' dir='ltr'><strong>creare</strong></span> <span class='ocrx_word' id='word_1_46' title='bbox 449 1011 549 1088; x_wconf 80' lang='lat' dir='ltr'><strong>potest</strong></span> <span class='ocrx_word' id='word_1_47' title='bbox 571 1024 664 1087; x_wconf 89' lang='lat' dir='ltr'><strong>quam</strong></span> <span class='ocrx_word' id='word_1_48' title='bbox 686 1003 888 1087; x_wconf 76' lang='lat' dir='ltr'><strong>prius31unt</strong></span> <span class='ocrx_word' id='word_1_49' title='bbox 910 1004 991 1067; x_wconf 92' lang='lat' dir='ltr'><strong>enim</strong></span> <span class='ocrx_word' id='word_1_50' title='bbox 1010 1025 1094 1068; x_wconf 89' lang='lat' dir='ltr'><strong>nunc</strong></span> <span class='ocrx_word' id='word_1_51' title='bbox 1108 1003 1228 1068; x_wconf 88' lang='lat' dir='ltr'><strong>infinita</strong></span> <span class='ocrx_word' id='word_1_52' title='bbox 1243 1026 1324 1068; x_wconf 90' lang='lat' dir='ltr'><strong>crea·</strong></span> 
     </span>
     <span class='ocr_line' id='line_1_7' title="bbox 222 1113 1323 1193; baseline -0.001 -15"><span class='ocrx_word' id='word_1_53' title='bbox 222 1114 304 1178; x_wconf 90' lang='lat' dir='ltr'><strong>bilia.</strong></span> <span class='ocrx_word' id='word_1_54' title='bbox 348 1114 390 1178; x_wconf 77' lang='lat' dir='ltr'><strong>Et</strong></span> <span class='ocrx_word' id='word_1_55' title='bbox 409 1122 512 1178; x_wconf 88' lang='lat' dir='ltr'><strong>tamen</strong></span> <span class='ocrx_word' id='word_1_56' title='bbox 534 1136 570 1178; x_wconf 84' lang='lat' dir='ltr'><strong>ex</strong></span> <span class='ocrx_word' id='word_1_57' title='bbox 587 1113 716 1177; x_wconf 79' lang='lat' dir='ltr'><strong>infinitis</strong></span> <span class='ocrx_word' id='word_1_58' title='bbox 738 1114 920 1178; x_wconf 83' lang='lat' dir='ltr'><strong>creabilibua</strong></span> <span class='ocrx_word' id='word_1_59' title='bbox 938 1114 1036 1178; x_wconf 90' lang='lat' dir='ltr'><strong>multa</strong></span> <span class='ocrx_word' id='word_1_60' title='bbox 1050 1114 1110 1192; x_wconf 87' lang='lat' dir='ltr'><strong>iam</strong></span> <span class='ocrx_word' id='word_1_61' title='bbox 1127 1124 1199 1178; x_wconf 84' lang='lat' dir='ltr'><strong>sunt</strong></span> <span class='ocrx_word' id='word_1_62' title='bbox 1214 1122 1323 1193; x_wconf 90' lang='lat' dir='ltr'><strong>creata,</strong></span> 
     </span>
     <span class='ocr_line' id='line_1_8' title="bbox 222 1225 1325 1310; baseline 0.003 -22"><span class='ocrx_word' id='word_1_63' title='bbox 222 1248 290 1310; x_wconf 82' lang='lat' dir='ltr'><strong>quae</strong></span> <span class='ocrx_word' id='word_1_64' title='bbox 315 1234 535 1310; x_wconf 82' lang='lat' dir='ltr'>consequenter</span> <span class='ocrx_word' id='word_1_65' title='bbox 557 1226 753 1290; x_wconf 78' lang='lat' dir='ltr'><strong>subtrahenda</strong></span> <span class='ocrx_word' id='word_1_66' title='bbox 775 1234 844 1289; x_wconf 80' lang='lat' dir='ltr'><strong>eunt</strong></span> <span class='ocrx_word' id='word_1_67' title='bbox 870 1245 893 1290; x_wconf 69' lang='lat' dir='ltr'><strong>a⁴</strong></span> <span class='ocrx_word' id='word_1_68' title='bbox 914 1225 1113 1290; x_wconf 90' lang='lat' dir='ltr'><strong>multitudine</strong></span> <span class='ocrx_word' id='word_1_69' title='bbox 1137 1225 1325 1291; x_wconf 84' lang='lat' dir='ltr'><strong>creabilium.</strong></span> 
     </span>
     <span class='ocr_line' id='line_1_9' title="bbox 220 1336 1325 1421; baseline 0.001 -21"><span class='ocrx_word' id='word_1_70' title='bbox 220 1338 304 1421; x_wconf 81' lang='lat' dir='ltr'><strong>Ergo</strong></span> <span class='ocrx_word' id='word_1_71' title='bbox 327 1336 492 1401; x_wconf 90' lang='lat' dir='ltr'><strong>multitudo</strong></span> <span class='ocrx_word' id='word_1_72' title='bbox 515 1336 690 1401; x_wconf 82' lang='lat' dir='ltr'><strong>creabilium</strong></span> <span class='ocrx_word' id='word_1_73' title='bbox 712 1359 768 1420; x_wconf 92' lang='lat' dir='ltr'><strong>per</strong></span> <span class='ocrx_word' id='word_1_74' title='bbox 790 1337 970 1420; x_wconf 52' lang='lat' dir='ltr'><strong>aliquorum*</strong></span> <span class='ocrx_word' id='word_1_75' title='bbox 984 1338 1165 1401; x_wconf 84' lang='lat' dir='ltr'><strong>creationem</strong></span> <span class='ocrx_word' id='word_1_76' title='bbox 1187 1360 1251 1401; x_wconf 93' lang='lat' dir='ltr'><strong>non</strong></span> <span class='ocrx_word' id='word_1_77' title='bbox 1277 1345 1325 1402; x_wconf 83' lang='lat' dir='ltr'><strong>eat</strong></span> 
     </span>
     <span class='ocr_line' id='line_1_10' title="bbox 222 1446 1325 1532; baseline 0.001 -21"><span class='ocrx_word' id='word_1_78' title='bbox 222 1446 342 1532; x_wconf 86' lang='lat' dir='ltr'><strong>proprie</strong></span> <span class='ocrx_word' id='word_1_79' title='bbox 352 1446 524 1525; x_wconf 89' lang='lat' dir='ltr'><strong>diminuta;</strong></span> <span class='ocrx_word' id='word_1_80' title='bbox 540 1455 571 1511; x_wconf 89' lang='lat' dir='ltr'><strong>et</strong></span> <span class='ocrx_word' id='word_1_81' title='bbox 578 1446 658 1525; x_wconf 89' lang='lat' dir='ltr'><strong>ideo,</strong></span> <span class='ocrx_word' id='word_1_82' title='bbox 670 1446 809 1530; x_wconf 82' lang='lat' dir='ltr'><strong>quamvis</strong></span> <span class='ocrx_word' id='word_1_83' title='bbox 818 1469 853 1510; x_wconf 92' lang='lat' dir='ltr'><strong>ea</strong></span> <span class='ocrx_word' id='word_1_84' title='bbox 865 1469 933 1532; x_wconf 90' lang='lat' dir='ltr'><strong>quae</strong></span> <span class='ocrx_word' id='word_1_85' title='bbox 944 1455 1043 1511; x_wconf 91' lang='lat' dir='ltr'><strong>creata</strong></span> <span class='ocrx_word' id='word_1_86' title='bbox 1053 1456 1125 1512; x_wconf 84' lang='lat' dir='ltr'><strong>aunt</strong></span> <span class='ocrx_word' id='word_1_87' title='bbox 1135 1447 1198 1510; x_wconf 76' lang='lat' dir='ltr'><strong>sint</strong></span> <span class='ocrx_word' id='word_1_88' title='bbox 1208 1447 1325 1532; x_wconf 88' lang='lat' dir='ltr'><strong>aliquid</strong></span> 
     </span>
     <span class='ocr_line' id='line_1_11' title="bbox 221 1557 1325 1644; baseline -0.002 -20"><span class='ocrx_word' id='word_1_89' title='bbox 221 1582 326 1624; x_wconf 88' lang='lat' dir='ltr'><strong>eorum</strong></span> <span class='ocrx_word' id='word_1_90' title='bbox 349 1581 417 1644; x_wconf 85' lang='lat' dir='ltr'><strong>quae</strong></span> <span class='ocrx_word' id='word_1_91' title='bbox 436 1565 523 1622; x_wconf 91' lang='lat' dir='ltr'><strong>erant</strong></span> <span class='ocrx_word' id='word_1_92' title='bbox 542 1557 692 1636; x_wconf 88' lang='lat' dir='ltr'><strong>creabilia,</strong></span> <span class='ocrx_word' id='word_1_93' title='bbox 708 1579 771 1621; x_wconf 91' lang='lat' dir='ltr'><strong>non</strong></span> <span class='ocrx_word' id='word_1_94' title='bbox 791 1567 895 1622; x_wconf 90' lang='lat' dir='ltr'><strong>tamen</strong></span> <span class='ocrx_word' id='word_1_95' title='bbox 910 1579 978 1642; x_wconf 86' lang='lat' dir='ltr'><strong>quae</strong></span> <span class='ocrx_word' id='word_1_96' title='bbox 992 1580 1076 1622; x_wconf 91' lang='lat' dir='ltr'><strong>nunc</strong></span> <span class='ocrx_word' id='word_1_97' title='bbox 1091 1566 1164 1622; x_wconf 87' lang='lat' dir='ltr'><strong>aunt</strong></span> <span class='ocrx_word' id='word_1_98' title='bbox 1184 1558 1325 1622; x_wconf 89' lang='lat' dir='ltr'><strong>creabilia</strong></span> 
     </span>
     <span class='ocr_line' id='line_1_12' title="bbox 221 1668 1323 1756; baseline -0.003 -21"><span class='ocrx_word' id='word_1_99' title='bbox 221 1680 294 1736; x_wconf 82' lang='lat' dir='ltr'><strong>sunt</strong></span> <span class='ocrx_word' id='word_1_100' title='bbox 309 1692 379 1756; x_wconf 87' lang='lat' dir='ltr'><strong>para</strong></span> <span class='ocrx_word' id='word_1_101' title='bbox 394 1669 627 1755; x_wconf 83' lang='lat' dir='ltr'><strong>proportionalia</strong></span> <span class='ocrx_word' id='word_1_102' title='bbox 638 1690 743 1732; x_wconf 91' lang='lat' dir='ltr'><strong>eorum</strong></span> <span class='ocrx_word' id='word_1_103' title='bbox 759 1690 827 1753; x_wconf 87' lang='lat' dir='ltr'><strong>quae</strong></span> <span class='ocrx_word' id='word_1_104' title='bbox 842 1677 928 1732; x_wconf 88' lang='lat' dir='ltr'><strong>erant</strong></span> <span class='ocrx_word' id='word_1_105' title='bbox 939 1668 1089 1734; x_wconf 88' lang='lat' dir='ltr'><strong>creabilia.</strong></span> <span class='ocrx_word' id='word_1_106' title='bbox 1120 1668 1162 1733; x_wconf 81' lang='lat' dir='ltr'><strong>Et</strong></span> <span class='ocrx_word' id='word_1_107' title='bbox 1173 1669 1323 1749; x_wconf 84' lang='lat' dir='ltr'><strong>similiter,</strong></span> 
     </span>
     <span class='ocr_line' id='line_1_13' title="bbox 221 1779 1324 1864; baseline -0.002 -18"><span class='ocrx_word' id='word_1_108' title='bbox 221 1783 247 1846; x_wconf 83' lang='lat' dir='ltr'><strong>ai</strong></span> <span class='ocrx_word' id='word_1_109' title='bbox 261 1782 353 1846; x_wconf 93' lang='lat' dir='ltr'><strong>homo</strong></span> <span class='ocrx_word' id='word_1_110' title='bbox 367 1781 417 1846; x_wconf 91' lang='lat' dir='ltr'><strong>hio</strong></span> <span class='ocrx_word' id='word_1_111' title='bbox 432 1781 542 1845; x_wconf 82' lang='lat' dir='ltr'><strong>Petrus</strong></span> <span class='ocrx_word' id='word_1_112' title='bbox 557 1791 676 1844; x_wconf 82' lang='lat' dir='ltr'><strong>creatus</strong></span> <span class='ocrx_word' id='word_1_113' title='bbox 691 1789 770 1844; x_wconf 83' lang='lat' dir='ltr'><strong>esset</strong></span> <span class='ocrx_word' id='word_1_114' title='bbox 785 1779 868 1844; x_wconf 90' lang='lat' dir='ltr'><strong>mille</strong></span> <span class='ocrx_word' id='word_1_115' title='bbox 889 1779 978 1843; x_wconf 87' lang='lat' dir='ltr'><strong>annia</strong></span> <span class='ocrx_word' id='word_1_116' title='bbox 1001 1789 1072 1844; x_wconf 88' lang='lat' dir='ltr'><strong>ante</strong></span> <span class='ocrx_word' id='word_1_117' title='bbox 1092 1802 1183 1864; x_wconf 89' lang='lat' dir='ltr'><strong>quam</strong></span> <span class='ocrx_word' id='word_1_118' title='bbox 1205 1788 1324 1845; x_wconf 81' lang='lat' dir='ltr'><strong>creatus</strong></span> 
     </span>
     <span class='ocr_line' id='line_1_14' title="bbox 220 1890 1323 1976; baseline -0.002 -18"><span class='ocrx_word' id='word_1_119' title='bbox 220 1901 277 1973; x_wconf 82' lang='lat' dir='ltr'><strong>est,</strong></span> <span class='ocrx_word' id='word_1_120' title='bbox 294 1901 347 1958; x_wconf 89' lang='lat' dir='ltr'><strong>aut</strong></span> <span class='ocrx_word' id='word_1_121' title='bbox 361 1893 445 1957; x_wconf 92' lang='lat' dir='ltr'><strong>mille</strong></span> <span class='ocrx_word' id='word_1_122' title='bbox 459 1892 548 1958; x_wconf 85' lang='lat' dir='ltr'><strong>annia</strong></span> <span class='ocrx_word' id='word_1_123' title='bbox 563 1900 643 1976; x_wconf 85' lang='lat' dir='ltr'><strong>post,</strong></span> <span class='ocrx_word' id='word_1_124' title='bbox 660 1890 780 1955; x_wconf 89' lang='lat' dir='ltr'><strong>duratio</strong></span> <span class='ocrx_word' id='word_1_125' title='bbox 796 1890 907 1955; x_wconf 85' lang='lat' dir='ltr'><strong>futurae</strong></span> <span class='ocrx_word' id='word_1_126' title='bbox 926 1890 1126 1955; x_wconf 76' lang='lat' dir='ltr'><strong>beatitudini·</strong></span> <span class='ocrx_word' id='word_1_127' title='bbox 1141 1891 1206 1957; x_wconf 86' lang='lat' dir='ltr'><strong>eiua</strong></span> <span class='ocrx_word' id='word_1_128' title='bbox 1221 1891 1259 1956; x_wconf 92' lang='lat' dir='ltr'><strong>ab</strong></span> <span class='ocrx_word' id='word_1_129' title='bbox 1274 1891 1323 1956; x_wconf 76' lang='lat' dir='ltr'><strong>his</strong></span> 
     </span>
     <span class='ocr_line' id='line_1_15' title="bbox 222 2001 1324 2088; baseline -0.001 -20"><span class='ocrx_word' id='word_1_130' title='bbox 222 2005 304 2070; x_wconf 88' lang='lat' dir='ltr'><strong>mille</strong></span> <span class='ocrx_word' id='word_1_131' title='bbox 318 2005 406 2069; x_wconf 86' lang='lat' dir='ltr'><strong>annis</strong></span> <span class='ocrx_word' id='word_1_132' title='bbox 417 2026 479 2068; x_wconf 91' lang='lat' dir='ltr'><strong>non</strong></span> <span class='ocrx_word' id='word_1_133' title='bbox 489 2001 637 2088; x_wconf 88' lang='lat' dir='ltr'><strong>acciperet</strong></span> <span class='ocrx_word' id='word_1_134' title='bbox 648 2001 793 2066; x_wconf 92' lang='lat' dir='ltr'><strong>maiorem</strong></span> <span class='ocrx_word' id='word_1_135' title='bbox 804 2001 852 2066; x_wconf 92' lang='lat' dir='ltr'><strong>vel</strong></span> <span class='ocrx_word' id='word_1_136' title='bbox 862 2002 1011 2066; x_wconf 88' lang='lat' dir='ltr'><strong>minorem</strong></span> <span class='ocrx_word' id='word_1_137' title='bbox 1020 2002 1244 2086; x_wconf 81' lang='lat' dir='ltr'><strong>longitudinem</strong></span> <span class='ocrx_word' id='word_1_138' title='bbox 1255 2026 1324 2087; x_wconf 90' lang='lat' dir='ltr'><strong>per·</strong></span> 
     </span>
     <span class='ocr_line' id='line_1_16' title="bbox 221 2112 1322 2200; baseline -0.001 -20"><span class='ocrx_word' id='word_1_139' title='bbox 221 2115 389 2200; x_wconf 80' lang='lat' dir='ltr'><strong>potuitatis,</strong></span> <span class='ocrx_word' id='word_1_140' title='bbox 402 2114 474 2199; x_wconf 90' lang='lat' dir='ltr'><strong>quia</strong></span> <span class='ocrx_word' id='word_1_141' title='bbox 488 2114 611 2177; x_wconf 90' lang='lat' dir='ltr'><strong>finitum</strong></span> <span class='ocrx_word' id='word_1_142' title='bbox 627 2112 744 2178; x_wconf 89' lang='lat' dir='ltr'><strong>nullam</strong></span> <span class='ocrx_word' id='word_1_143' title='bbox 758 2112 852 2196; x_wconf 84' lang='lat' dir='ltr'><strong>habet</strong></span> <span class='ocrx_word' id='word_1_144' title='bbox 867 2113 1093 2198; x_wconf 88' lang='lat' dir='ltr'><strong>proportionem</strong></span> <span class='ocrx_word' id='word_1_145' title='bbox 1106 2113 1145 2177; x_wconf 93' lang='lat' dir='ltr'><strong>ad</strong></span> <span class='ocrx_word' id='word_1_146' title='bbox 1156 2114 1322 2179; x_wconf 89' lang='lat' dir='ltr'><strong>infinitum.</strong></span> 
     </span>
    </p>

    <p class='ocr_par' dir='ltr' id='par_1_3' title="bbox 222 2224 1322 2424">
     <span class='ocr_line' id='line_1_17' title="bbox 264 2224 1322 2309; baseline -0.002 -17"><span class='ocrx_word' id='word_1_147' title='bbox 264 2231 316 2292; x_wconf 84' lang='lat'><strong>27.</strong></span> <span class='ocrx_word' id='word_1_148' title='bbox 341 2225 497 2302; x_wconf 73' lang='lat' dir='ltr'><strong>Quaeritur</strong></span> <span class='ocrx_word' id='word_1_149' title='bbox 518 2225 617 2303; x_wconf 91' lang='lat' dir='ltr'><strong>tertio,</strong></span> <span class='ocrx_word' id='word_1_150' title='bbox 633 2233 732 2288; x_wconf 83' lang='lat' dir='ltr'><strong>utrum</strong></span> <span class='ocrx_word' id='word_1_151' title='bbox 754 2233 882 2290; x_wconf 83' lang='lat' dir='ltr'><strong>mutetur</strong></span> <span class='ocrx_word' id='word_1_152' title='bbox 904 2224 1052 2309; x_wconf 82' lang='lat' dir='ltr'><strong>infinitum</strong></span> <span class='ocrx_word' id='word_1_153' title='bbox 1066 2247 1125 2309; x_wconf 82' lang='lat' dir='ltr'><strong>per</strong></span> <span class='ocrx_word' id='word_1_154' title='bbox 1146 2225 1322 2290; x_wconf 80' lang='lat' dir='ltr'><strong>additionem</strong></span> 
     </span>
     <span class='ocr_line' id='line_1_18' title="bbox 222 2339 478 2424; baseline -0.004 -20"><span class='ocrx_word' id='word_1_155' title='bbox 222 2342 343 2404; x_wconf 72' lang='lat' dir='ltr'><strong>alterius</strong></span> <span class='ocrx_word' id='word_1_156' title='bbox 357 2339 478 2424; x_wconf 74' lang='lat' dir='ltr'><strong>infiniti.</strong></span> 
     </span>
    </p>

    <p class='ocr_par' dir='ltr' id='par_1_4' title="bbox 221 2449 1322 2766">
     <span class='ocr_line' id='line_1_19' title="bbox 265 2449 1322 2536; baseline -0.001 -21"><span class='ocrx_word' id='word_1_157' title='bbox 265 2450 446 2536; x_wconf 86' lang='lat' dir='ltr'><strong>Respondeo</strong></span> <span class='ocrx_word' id='word_1_158' title='bbox 461 2450 646 2515; x_wconf 87' lang='lat' dir='ltr'><strong>affirmative.</strong></span> <span class='ocrx_word' id='word_1_159' title='bbox 670 2450 847 2514; x_wconf 85' lang='lat' dir='ltr'><strong>Mutabitur</strong></span> <span class='ocrx_word' id='word_1_160' title='bbox 860 2458 962 2515; x_wconf 90' lang='lat' dir='ltr'><strong>autem</strong></span> <span class='ocrx_word' id='word_1_161' title='bbox 978 2459 1031 2516; x_wconf 85' lang='lat' dir='ltr'><strong>aut</strong></span> <span class='ocrx_word' id='word_1_162' title='bbox 1046 2449 1243 2516; x_wconf 85' lang='lat' dir='ltr'><strong>materialiter</strong></span> <span class='ocrx_word' id='word_1_163' title='bbox 1253 2458 1322 2515; x_wconf 90' lang='lat' dir='ltr'><strong>tan-</strong></span> 
     </span>
     <span class='ocr_line' id='line_1_20' title="bbox 221 2560 1322 2646; baseline -0.001 -19"><span class='ocrx_word' id='word_1_164' title='bbox 221 2575 299 2642; x_wconf 91' lang='lat' dir='ltr'><strong>tum,</strong></span> <span class='ocrx_word' id='word_1_165' title='bbox 315 2562 474 2627; x_wconf 88' lang='lat' dir='ltr'><strong>autetiam</strong></span> <span class='ocrx_word' id='word_1_166' title='bbox 489 2562 665 2626; x_wconf 85' lang='lat' dir='ltr'><strong>formaliter.</strong></span> <span class='ocrx_word' id='word_1_167' title='bbox 710 2560 803 2638; x_wconf 81' lang='lat' dir='ltr'><strong>Quod</strong></span> <span class='ocrx_word' id='word_1_168' title='bbox 817 2561 877 2625; x_wconf 91' lang='lat' dir='ltr'><strong>iam</strong></span> <span class='ocrx_word' id='word_1_169' title='bbox 893 2572 1029 2646; x_wconf 86' lang='lat' dir='ltr'><strong>exparte</strong></span> <span class='ocrx_word' id='word_1_170' title='bbox 1044 2570 1163 2626; x_wconf 83' lang='lat' dir='ltr'><strong>constat</strong></span> <span class='ocrx_word' id='word_1_171' title='bbox 1178 2585 1214 2626; x_wconf 86' lang='lat' dir='ltr'><strong>ex</strong></span> <span class='ocrx_word' id='word_1_172' title='bbox 1232 2562 1322 2627; x_wconf 79' lang='lat' dir='ltr'><strong>dictis</strong></span> 
     </span>
     <span class='ocr_line' id='line_1_21' title="bbox 222 2671 1322 2766; baseline 0 -28"><span class='ocrx_word' id='word_1_173' title='bbox 222 2683 266 2760; x_wconf 83' lang='lat' dir='ltr'><strong>(n.</strong></span> <span class='ocrx_word' id='word_1_174' title='bbox 285 2676 336 2758; x_wconf 86' lang='lat'><strong>15)</strong></span> <span class='ocrx_word' id='word_1_175' title='bbox 354 2683 385 2738; x_wconf 92' lang='lat' dir='ltr'><strong>et</strong></span> <span class='ocrx_word' id='word_1_176' title='bbox 400 2673 529 2738; x_wconf 87' lang='lat' dir='ltr'><strong>ulterius</strong></span> <span class='ocrx_word' id='word_1_177' title='bbox 544 2673 723 2738; x_wconf 89' lang='lat' dir='ltr'><strong>declaratur.</strong></span> <span class='ocrx_word' id='word_1_178' title='bbox 769 2673 802 2736; x_wconf 85' lang='lat' dir='ltr'><strong>Si</strong></span> <span class='ocrx_word' id='word_1_179' title='bbox 817 2673 899 2736; x_wconf 89' lang='lat' dir='ltr'><strong>enim</strong></span> <span class='ocrx_word' id='word_1_180' title='bbox 913 2671 994 2766; x_wconf 87' lang='lat' dir='ltr'><strong>linea</strong></span> <span class='ocrx_word' id='word_1_181' title='bbox 1009 2681 1091 2736; x_wconf 89' lang='lat' dir='ltr'><strong>recta</strong></span> <span class='ocrx_word' id='word_1_182' title='bbox 1104 2673 1176 2738; x_wconf 90' lang='lat' dir='ltr'><strong>hinc</strong></span> <span class='ocrx_word' id='word_1_183' title='bbox 1199 2682 1230 2738; x_wconf 92' lang='lat' dir='ltr'><strong>et</strong></span> <span class='ocrx_word' id='word_1_184' title='bbox 1250 2673 1322 2739; x_wconf 90' lang='lat' dir='ltr'><strong>inde</strong></span> 
     </span>
    </p>
   </div>
   <div class='ocr_carea' id='block_1_3' title="bbox 100 2783 1322 2868">
    <p class='ocr_par' dir='ltr' id='par_1_5' title="bbox 100 2783 1322 2868">
     <span class='ocr_line' id='line_1_22' title="bbox 100 2783 1322 2868; baseline -0.001 -18"><span class='ocrx_word' id='word_1_185' title='bbox 100 2845 102 2850; x_wconf 91' lang='lat'><em>.</em></span> <span class='ocrx_word' id='word_1_186' title='bbox 220 2784 340 2848; x_wconf 89' lang='lat' dir='ltr'><strong>infinita</strong></span> <span class='ocrx_word' id='word_1_187' title='bbox 355 2792 473 2851; x_wconf 84' lang='lat' dir='ltr'><strong>secetur</strong></span> <span class='ocrx_word' id='word_1_188' title='bbox 486 2784 520 2848; x_wconf 92' lang='lat' dir='ltr'><strong>in</strong></span> <span class='ocrx_word' id='word_1_189' title='bbox 535 2783 672 2868; x_wconf 91' lang='lat' dir='ltr'><strong>quolibet</strong></span> <span class='ocrx_word' id='word_1_190' title='bbox 685 2795 811 2868; x_wconf 90' lang='lat' dir='ltr'><strong>puncto,</strong></span> <span class='ocrx_word' id='word_1_191' title='bbox 826 2791 956 2868; x_wconf 92' lang='lat' dir='ltr'><strong>utraque</strong></span> <span class='ocrx_word' id='word_1_192' title='bbox 969 2806 1041 2868; x_wconf 84' lang='lat' dir='ltr'><strong>para</strong></span> <span class='ocrx_word' id='word_1_193' title='bbox 1055 2783 1112 2847; x_wconf 89' lang='lat' dir='ltr'><strong>erit</strong></span> <span class='ocrx_word' id='word_1_194' title='bbox 1127 2783 1267 2849; x_wconf 90' lang='lat' dir='ltr'><strong>infinita:</strong></span> <span class='ocrx_word' id='word_1_195' title='bbox 1291 2792 1322 2849; x_wconf 92' lang='lat' dir='ltr'><strong>et</strong></span> 
     </span>
    </p>
   </div>
   <div class='ocr_carea' id='block_1_4' title="bbox 219 2894 1323 3871">
    <p class='ocr_par' dir='ltr' id='par_1_6' title="bbox 219 2894 1323 3871">
     <span class='ocr_line' id='line_1_23' title="bbox 221 2894 1322 2978; baseline 0.002 -20"><span class='ocrx_word' id='word_1_196' title='bbox 221 2897 247 2960; x_wconf 81' lang='lat' dir='ltr'><strong>si</strong></span> <span class='ocrx_word' id='word_1_197' title='bbox 262 2895 432 2978; x_wconf 84' lang='lat' dir='ltr'><strong>iungantur</strong></span> <span class='ocrx_word' id='word_1_198' title='bbox 446 2895 568 2975; x_wconf 88' lang='lat' dir='ltr'><strong>iterum,</strong></span> <span class='ocrx_word' id='word_1_199' title='bbox 584 2894 747 2959; x_wconf 89' lang='lat' dir='ltr'><strong>habebitur</strong></span> <span class='ocrx_word' id='word_1_200' title='bbox 769 2895 926 2959; x_wconf 88' lang='lat' dir='ltr'><strong>infinitum</strong></span> <span class='ocrx_word' id='word_1_201' title='bbox 945 2894 1177 2960; x_wconf 87' lang='lat' dir='ltr'><strong>contradictorie</strong></span> <span class='ocrx_word' id='word_1_202' title='bbox 1199 2895 1322 2960; x_wconf 88' lang='lat' dir='ltr'><strong>infinito</strong></span> 
     </span>
     <span class='ocr_line' id='line_1_24' title="bbox 220 3005 1321 3093; baseline 0.001 -21"><span class='ocrx_word' id='word_1_203' title='bbox 220 3005 451 3072; x_wconf 85' lang='lat' dir='ltr'><strong>contradictorie</strong></span> <span class='ocrx_word' id='word_1_204' title='bbox 487 3006 647 3071; x_wconf 86' lang='lat' dir='ltr'><strong>additum:</strong></span> <span class='ocrx_word' id='word_1_205' title='bbox 685 3006 766 3072; x_wconf 89' lang='lat' dir='ltr'><strong>linea</strong></span> <span class='ocrx_word' id='word_1_206' title='bbox 801 3029 876 3091; x_wconf 85' lang='lat' dir='ltr'><strong>ergo</strong></span> <span class='ocrx_word' id='word_1_207' title='bbox 911 3007 964 3071; x_wconf 89' lang='lat' dir='ltr'><strong>fiet</strong></span> <span class='ocrx_word' id='word_1_208' title='bbox 1001 3007 1198 3072; x_wconf 89' lang='lat' dir='ltr'><strong>materialiter</strong></span> <span class='ocrx_word' id='word_1_209' title='bbox 1227 3007 1321 3093; x_wconf 91' lang='lat' dir='ltr'><strong>dupla</strong></span> 
     </span>
     <span class='ocr_line' id='line_1_25' title="bbox 223 3117 1322 3203; baseline 0.002 -21"><span class='ocrx_word' id='word_1_210' title='bbox 223 3118 384 3203; x_wconf 85' lang='lat' dir='ltr'><strong>(sumendo</strong></span> <span class='ocrx_word' id='word_1_211' title='bbox 406 3117 545 3182; x_wconf 89' lang='lat' dir='ltr'><strong>videlicet</strong></span> <span class='ocrx_word' id='word_1_212' title='bbox 573 3118 723 3183; x_wconf 88' lang='lat' dir='ltr'><strong>unitatem</strong></span> <span class='ocrx_word' id='word_1_213' title='bbox 753 3118 914 3183; x_wconf 76' lang='lat' dir='ltr'><strong>infinitatis</strong></span> <span class='ocrx_word' id='word_1_214' title='bbox 942 3141 998 3203; x_wconf 94' lang='lat' dir='ltr'><strong>pro</strong></span> <span class='ocrx_word' id='word_1_215' title='bbox 1018 3141 1170 3199; x_wconf 85' lang='lat' dir='ltr'><strong>mensura,</strong></span> <span class='ocrx_word' id='word_1_216' title='bbox 1186 3129 1221 3184; x_wconf 90' lang='lat' dir='ltr'><strong>ut</strong></span> <span class='ocrx_word' id='word_1_217' title='bbox 1250 3141 1322 3184; x_wconf 84' lang='lat' dir='ltr'><strong>mox</strong></span> 
     </span>
     <span class='ocr_line' id='line_1_26' title="bbox 220 3229 1320 3313; baseline 0 -19"><span class='ocrx_word' id='word_1_218' title='bbox 220 3230 387 3313; x_wconf 85' lang='lat' dir='ltr'><strong>dicemus):</strong></span> <span class='ocrx_word' id='word_1_219' title='bbox 411 3229 582 3293; x_wconf 86' lang='lat' dir='ltr'><strong>mutabitur</strong></span> <span class='ocrx_word' id='word_1_220' title='bbox 604 3251 675 3293; x_wconf 86' lang='lat' dir='ltr'><strong>vero</strong></span> <span class='ocrx_word' id='word_1_221' title='bbox 704 3229 795 3293; x_wconf 90' lang='lat' dir='ltr'><strong>etiam</strong></span> <span class='ocrx_word' id='word_1_222' title='bbox 825 3229 892 3312; x_wconf 85' lang='lat' dir='ltr'><strong>ipsa</strong></span> <span class='ocrx_word' id='word_1_223' title='bbox 920 3229 997 3294; x_wconf 92' lang='lat' dir='ltr'><strong>ratio</strong></span> <span class='ocrx_word' id='word_1_224' title='bbox 1022 3229 1193 3294; x_wconf 82' lang='lat' dir='ltr'><strong>infinitatir.</strong></span> <span class='ocrx_word' id='word_1_225' title='bbox 1239 3231 1320 3295; x_wconf 92' lang='lat' dir='ltr'><strong>Nam</strong></span> 
     </span>
     <span class='ocr_line' id='line_1_27' title="bbox 220 3339 1322 3426; baseline 0 -20"><span class='ocrx_word' id='word_1_226' title='bbox 220 3350 292 3406; x_wconf 89' lang='lat' dir='ltr'><strong>ante</strong></span> <span class='ocrx_word' id='word_1_227' title='bbox 302 3341 386 3406; x_wconf 92' lang='lat' dir='ltr'><strong>illam</strong></span> <span class='ocrx_word' id='word_1_228' title='bbox 396 3341 580 3406; x_wconf 88' lang='lat' dir='ltr'><strong>additionem</strong></span> <span class='ocrx_word' id='word_1_229' title='bbox 594 3363 784 3426; x_wconf 87' lang='lat' dir='ltr'><strong>unaquaeque</strong></span> <span class='ocrx_word' id='word_1_230' title='bbox 795 3340 876 3404; x_wconf 90' lang='lat' dir='ltr'><strong>linea</strong></span> <span class='ocrx_word' id='word_1_231' title='bbox 886 3339 1018 3405; x_wconf 89' lang='lat' dir='ltr'><strong>habebat</strong></span> <span class='ocrx_word' id='word_1_232' title='bbox 1032 3340 1161 3405; x_wconf 92' lang='lat' dir='ltr'><strong>limitem</strong></span> <span class='ocrx_word' id='word_1_233' title='bbox 1176 3363 1274 3406; x_wconf 92' lang='lat' dir='ltr'><strong>unum</strong></span> <span class='ocrx_word' id='word_1_234' title='bbox 1289 3341 1322 3405; x_wconf 92' lang='lat' dir='ltr'><strong>in</strong></span> 
     </span>
     <span class='ocr_line' id='line_1_28' title="bbox 220 3450 1322 3538; baseline 0 -21"><span class='ocrx_word' id='word_1_235' title='bbox 220 3477 276 3518; x_wconf 85' lang='lat' dir='ltr'><strong>suo</strong></span> <span class='ocrx_word' id='word_1_236' title='bbox 294 3453 400 3530; x_wconf 85' lang='lat' dir='ltr'><strong>initio;</strong></span> <span class='ocrx_word' id='word_1_237' title='bbox 422 3461 492 3538; x_wconf 85' lang='lat' dir='ltr'><strong>post</strong></span> <span class='ocrx_word' id='word_1_238' title='bbox 510 3453 656 3517; x_wconf 91' lang='lat' dir='ltr'><strong>unionem</strong></span> <span class='ocrx_word' id='word_1_239' title='bbox 676 3474 747 3516; x_wconf 84' lang='lat' dir='ltr'><strong>vero</strong></span> <span class='ocrx_word' id='word_1_240' title='bbox 768 3450 899 3515; x_wconf 89' lang='lat' dir='ltr'><strong>habetur</strong></span> <span class='ocrx_word' id='word_1_241' title='bbox 918 3473 1015 3515; x_wconf 92' lang='lat' dir='ltr'><strong>unum</strong></span> <span class='ocrx_word' id='word_1_242' title='bbox 1036 3451 1193 3516; x_wconf 89' lang='lat' dir='ltr'><strong>infinitum</strong></span> <span class='ocrx_word' id='word_1_243' title='bbox 1217 3475 1322 3517; x_wconf 88' lang='lat' dir='ltr'><strong>carens</strong></span> 
     </span>
     <span class='ocr_line' id='line_1_29' title="bbox 219 3563 1321 3649; baseline 0 -21"><span class='ocrx_word' id='word_1_244' title='bbox 219 3567 281 3628; x_wconf 86' lang='lat' dir='ltr'><strong>line</strong></span> <span class='ocrx_word' id='word_1_245' title='bbox 298 3574 328 3628; x_wconf 91' lang='lat' dir='ltr'><strong>et</strong></span> <span class='ocrx_word' id='word_1_246' title='bbox 345 3565 443 3643; x_wconf 91' lang='lat' dir='ltr'><strong>initio,</strong></span> <span class='ocrx_word' id='word_1_247' title='bbox 460 3575 491 3628; x_wconf 91' lang='lat' dir='ltr'><strong>et</strong></span> <span class='ocrx_word' id='word_1_248' title='bbox 511 3564 579 3628; x_wconf 89' lang='lat' dir='ltr'><strong>ideo</strong></span> <span class='ocrx_word' id='word_1_249' title='bbox 599 3563 724 3628; x_wconf 82' lang='lat' dir='ltr'><strong>alterius</strong></span> <span class='ocrx_word' id='word_1_250' title='bbox 745 3563 864 3648; x_wconf 86' lang='lat' dir='ltr'><strong>speciei.</strong></span> <span class='ocrx_word' id='word_1_251' title='bbox 911 3563 972 3628; x_wconf 84' lang='lat' dir='ltr'><strong>Sed</strong></span> <span class='ocrx_word' id='word_1_252' title='bbox 990 3564 1023 3627; x_wconf 92' lang='lat' dir='ltr'><strong>in</strong></span> <span class='ocrx_word' id='word_1_253' title='bbox 1046 3585 1118 3627; x_wconf 83' lang='lat' dir='ltr'><strong>casu</strong></span> <span class='ocrx_word' id='word_1_254' title='bbox 1137 3586 1229 3649; x_wconf 87' lang='lat' dir='ltr'><strong>supra</strong></span> <span class='ocrx_word' id='word_1_255' title='bbox 1250 3587 1321 3649; x_wconf 92' lang='lat' dir='ltr'><strong>pro-</strong></span> 
     </span>
     <span class='ocr_line' id='line_1_30' title="bbox 220 3673 1323 3761; baseline 0 -22"><span class='ocrx_word' id='word_1_256' title='bbox 220 3676 319 3761; x_wconf 81' lang='lat' dir='ltr'><strong>posito</strong></span> <span class='ocrx_word' id='word_1_257' title='bbox 334 3678 375 3758; x_wconf 90' lang='lat' dir='ltr'><strong>(n.</strong></span> <span class='ocrx_word' id='word_1_258' title='bbox 389 3676 443 3755; x_wconf 88' lang='lat'><strong>15)</strong></span> <span class='ocrx_word' id='word_1_259' title='bbox 456 3674 493 3738; x_wconf 91' lang='lat' dir='ltr'><strong>de</strong></span> <span class='ocrx_word' id='word_1_260' title='bbox 508 3674 666 3760; x_wconf 82' lang='lat' dir='ltr'><strong>superficie</strong></span> <span class='ocrx_word' id='word_1_261' title='bbox 676 3674 740 3739; x_wconf 82' lang='lat' dir='ltr'><strong>sola</strong></span> <span class='ocrx_word' id='word_1_262' title='bbox 748 3673 943 3758; x_wconf 84' lang='lat' dir='ltr'><strong>longitudine</strong></span> <span class='ocrx_word' id='word_1_263' title='bbox 952 3673 1080 3753; x_wconf 87' lang='lat' dir='ltr'><strong>infinita,</strong></span> <span class='ocrx_word' id='word_1_264' title='bbox 1093 3674 1179 3738; x_wconf 85' lang='lat' dir='ltr'><strong>cuiue</strong></span> <span class='ocrx_word' id='word_1_265' title='bbox 1190 3674 1323 3740; x_wconf 88' lang='lat' dir='ltr'><strong>latitudo</strong></span> 
     </span>
     <span class='ocr_line' id='line_1_31' title="bbox 220 3785 1320 3871; baseline 0 -20"><span class='ocrx_word' id='word_1_266' title='bbox 220 3811 239 3851; x_wconf 84' lang='lat' dir='ltr'><strong>a</strong></span> <span class='ocrx_word' id='word_1_267' title='bbox 262 3786 430 3871; x_wconf 88' lang='lat' dir='ltr'><strong>concipitur</strong></span> <span class='ocrx_word' id='word_1_268' title='bbox 451 3787 516 3850; x_wconf 90' lang='lat' dir='ltr'><strong>fieri</strong></span> <span class='ocrx_word' id='word_1_269' title='bbox 536 3786 639 3870; x_wconf 88' lang='lat' dir='ltr'><strong>dupla,</strong></span> <span class='ocrx_word' id='word_1_270' title='bbox 662 3786 754 3870; x_wconf 87' lang='lat' dir='ltr'><strong>tripla</strong></span> <span class='ocrx_word' id='word_1_271' title='bbox 776 3794 845 3864; x_wconf 78' lang='lat' dir='ltr'><strong>etc,</strong></span> <span class='ocrx_word' id='word_1_272' title='bbox 861 3785 966 3849; x_wconf 88' lang='lat' dir='ltr'><strong>nullus</strong></span> <span class='ocrx_word' id='word_1_273' title='bbox 988 3785 1075 3850; x_wconf 87' lang='lat' dir='ltr'><strong>limes</strong></span> <span class='ocrx_word' id='word_1_274' title='bbox 1095 3786 1228 3866; x_wconf 90' lang='lat' dir='ltr'><strong>tolletur,</strong></span> <span class='ocrx_word' id='word_1_275' title='bbox 1246 3786 1320 3851; x_wconf 92' lang='lat' dir='ltr'><strong>dum</strong></span> 
     </span>
    </p>
   </div>
   <div class='ocr_carea' id='block_1_5' title="bbox 100 3877 1323 3983">
    <p class='ocr_par' dir='ltr' id='par_1_7' title="bbox 100 3877 1323 3983">
     <span class='ocr_line' id='line_1_32' title="bbox 100 3877 1323 3983; baseline 0.001 -20"><span class='ocrx_word' id='word_1_276' title='bbox 100 3877 110 3894; x_wconf 55' lang='lat'><em>⁶</em></span> <span class='ocrx_word' id='word_1_277' title='bbox 180 3925 185 3932; x_wconf 93' lang='lat'><em>·</em></span> <span class='ocrx_word' id='word_1_278' title='bbox 222 3897 394 3983; x_wconf 86' lang='lat' dir='ltr'><strong>superficies</strong></span> <span class='ocrx_word' id='word_1_279' title='bbox 413 3897 532 3963; x_wconf 90' lang='lat' dir='ltr'><strong>infinita</strong></span> <span class='ocrx_word' id='word_1_280' title='bbox 541 3899 577 3961; x_wconf 90' lang='lat' dir='ltr'><strong>lit</strong></span> <span class='ocrx_word' id='word_1_281' title='bbox 592 3897 695 3982; x_wconf 89' lang='lat' dir='ltr'><strong>dupla,</strong></span> <span class='ocrx_word' id='word_1_282' title='bbox 711 3897 802 3982; x_wconf 89' lang='lat' dir='ltr'><strong>tripla</strong></span> <span class='ocrx_word' id='word_1_283' title='bbox 817 3907 895 3975; x_wconf 90' lang='lat' dir='ltr'><strong>etc.;</strong></span> <span class='ocrx_word' id='word_1_284' title='bbox 918 3906 949 3961; x_wconf 93' lang='lat' dir='ltr'><strong>et</strong></span> <span class='ocrx_word' id='word_1_285' title='bbox 963 3898 1031 3962; x_wconf 92' lang='lat' dir='ltr'><strong>ideo</strong></span> <span class='ocrx_word' id='word_1_286' title='bbox 1046 3920 1109 3961; x_wconf 90' lang='lat' dir='ltr'><strong>non</strong></span> <span class='ocrx_word' id='word_1_287' title='bbox 1124 3899 1323 3970; x_wconf 86' lang='lat' dir='ltr'><strong>constituitur</strong></span> 
     </span>
    </p>
   </div>
   <div class='ocr_carea' id='block_1_6' title="bbox 214 4006 1323 4431">
    <p class='ocr_par' dir='ltr' id='par_1_8' title="bbox 220 4006 1099 4094">
     <span class='ocr_line' id='line_1_33' title="bbox 220 4006 1099 4094; baseline -0.003 -19"><span class='ocrx_word' id='word_1_288' title='bbox 220 4034 299 4075; x_wconf 89' lang='lat' dir='ltr'><strong>nova</strong></span> <span class='ocrx_word' id='word_1_289' title='bbox 314 4009 428 4094; x_wconf 81' lang='lat' dir='ltr'><strong>species</strong></span> <span class='ocrx_word' id='word_1_290' title='bbox 444 4007 566 4087; x_wconf 88' lang='lat' dir='ltr'><strong>infiniti,</strong></span> <span class='ocrx_word' id='word_1_291' title='bbox 582 4008 633 4072; x_wconf 82' lang='lat' dir='ltr'><strong>aed</strong></span> <span class='ocrx_word' id='word_1_292' title='bbox 648 4009 684 4072; x_wconf 91' lang='lat' dir='ltr'><strong>fit</strong></span> <span class='ocrx_word' id='word_1_293' title='bbox 699 4007 763 4072; x_wconf 79' lang='lat' dir='ltr'><strong>sola</strong></span> <span class='ocrx_word' id='word_1_294' title='bbox 778 4008 907 4072; x_wconf 90' lang='lat' dir='ltr'><strong>mutatio</strong></span> <span class='ocrx_word' id='word_1_295' title='bbox 925 4006 1099 4072; x_wconf 78' lang='lat' dir='ltr'><strong>materialia.</strong></span> 
     </span>
    </p>

    <p class='ocr_par' dir='ltr' id='par_1_9' title="bbox 214 4119 1321 4320">
     <span class='ocr_line' id='line_1_34' title="bbox 263 4119 1321 4204; baseline -0.003 -17"><span class='ocrx_word' id='word_1_296' title='bbox 263 4124 315 4187; x_wconf 78' lang='lat'><strong>28.</strong></span> <span class='ocrx_word' id='word_1_297' title='bbox 340 4119 496 4198; x_wconf 81' lang='lat' dir='ltr'><strong>Quaeritur</strong></span> <span class='ocrx_word' id='word_1_298' title='bbox 518 4127 638 4204; x_wconf 84' lang='lat' dir='ltr'><strong>quarto,</strong></span> <span class='ocrx_word' id='word_1_299' title='bbox 654 4141 693 4182; x_wconf 79' lang='lat' dir='ltr'><strong>aa</strong></span> <span class='ocrx_word' id='word_1_300' title='bbox 714 4119 863 4204; x_wconf 72' lang='lat' dir='ltr'><strong>irfiuitum</strong></span> <span class='ocrx_word' id='word_1_301' title='bbox 879 4121 977 4204; x_wconf 76' lang='lat' dir='ltr'><strong>poscit</strong></span> <span class='ocrx_word' id='word_1_302' title='bbox 999 4121 1190 4204; x_wconf 69' lang='lat' dir='ltr'><strong>multipilicuri</strong></span> <span class='ocrx_word' id='word_1_303' title='bbox 1205 4143 1262 4204; x_wconf 84' lang='lat' dir='ltr'><strong>per</strong></span> <span class='ocrx_word' id='word_1_304' title='bbox 1277 4123 1321 4184; x_wconf 87' lang='lat' dir='ltr'><strong>in·</strong></span> 
     </span>
     <span class='ocr_line' id='line_1_35' title="bbox 214 4236 346 4320; baseline 0 -22"><span class='ocrx_word' id='word_1_305' title='bbox 214 4236 346 4320; x_wconf 83' lang='lat' dir='ltr'><strong>finitum.</strong></span> 
     </span>
    </p>

    <p class='ocr_par' dir='ltr' id='par_1_10' title="bbox 263 4342 1323 4431">
     <span class='ocr_line' id='line_1_36' title="bbox 263 4342 1323 4431; baseline -0.002 -21"><span class='ocrx_word' id='word_1_306' title='bbox 263 4344 446 4431; x_wconf 83' lang='lat' dir='ltr'><strong>Respondeo</strong></span> <span class='ocrx_word' id='word_1_307' title='bbox 469 4343 665 4408; x_wconf 85' lang='lat' dir='ltr'><strong>affirmative:</strong></span> <span class='ocrx_word' id='word_1_308' title='bbox 688 4352 719 4408; x_wconf 90' lang='lat' dir='ltr'><strong>et</strong></span> <span class='ocrx_word' id='word_1_309' title='bbox 743 4350 816 4407; x_wconf 88' lang='lat' dir='ltr'><strong>tunc</strong></span> <span class='ocrx_word' id='word_1_310' title='bbox 840 4342 998 4407; x_wconf 84' lang='lat' dir='ltr'><strong>resultabit</strong></span> <span class='ocrx_word' id='word_1_311' title='bbox 1020 4342 1176 4407; x_wconf 89' lang='lat' dir='ltr'><strong>infinitum</strong></span> <span class='ocrx_word' id='word_1_312' title='bbox 1198 4342 1323 4409; x_wconf 78' lang='lat' dir='ltr'><strong>alteriue</strong></span> 
     </span>
    </p>
   </div>
   <div class='ocr_carea' id='block_1_7' title="bbox 0 0 1616 4984">
    <p class='ocr_par' dir='ltr' id='par_1_11' title="bbox 0 0 1616 4984">
     <span class='ocr_line' id='line_1_37' title="bbox 0 0 1616 4984; baseline 0 0"><span class='ocrx_word' id='word_1_313' title='bbox 0 0 1616 4984; x_wconf 95' lang='lat' dir='ltr'><strong> </strong></span> 
     </span>
    </p>
   </div>
  </div>
 </body>
</html>
