3186 4982
278 391 344 454 314
771 409 887 453 runrx.

1327 505 1346 546 1³
1373 535 1379 546 .

347 571 495 627 Solvuntur
507 569 612 626 obieeta
625 570 664 642 (ιι.
677 570 779 642 46-49)
789 607 1305 626 ..............................
1328 519 1380 623 121

311 667 385 722 Arar.
398 665 436 720 IL
455 665 499 720 Da
504 664 665 736 posonium
675 671 700 720 ct
711 665 801 720 ordine
812 665 910 720 manus

345 759 445 832 Inque
456 758 588 815 consistat
598 759 728 833 perfectio
742 761 780 833 (ιι.
794 760 842 829 56)
857 797 1303 816 ..........................
1328 757 1380 810 128

345 853 466 910 Mundus
477 871 533 910 non
544 860 586 909 est
597 854 807 928 perfectissimus
819 854 940 910 omnium
953 851 1111 910 creabilium
1119 855 1158 923 (ιι.
1172 852 1216 922 51,
1225 853 1287 923 52).
1299 893 1305 908 .
1345 852 1378 905 ib.

345 947 397 1002 Eat
414 954 506 1004 tamen
524 949 659 1022 perlectus
677 949 707 1004 1ιι
724 950 817 1006 udins
837 949 873 1004 ad
890 947 983 1017 llnsrn,
994 947 1028 1003 ob
1048 963 1129 1020 quam
1144 951 1250 1002 creatus
1267 950 1309 1001 est

381 1042 421 1114 (ιι.
434 1043 479 1113 53,
491 1043 539 1115 54)
575 1081 1302 1100 ..........................................
1327 1039 1380 1093 130

345 1137 552 1193 Estinmundo
564 1139 629 1194 ordo
641 1137 786 1210 multiplex
799 1138 837 1209 (n.
851 1137 900 1208 55)
927 1173 1302 1193 ......................
1326 1133 1377 1186 131

308 1233 385 1288 Arar.
396 1231 449 1289 111.
467 1232 512 1287 Dc
522 1233 617 1303 1191111
628 1239 653 1286 ct
664 1249 740 1286 carrea
750 1235 860 1286 natura.

344 1326 420 1393 Quid
431 1327 469 1382 sit
480 1333 585 1396 natura,
597 1332 625 1383 et
637 1343 697 1400 quas
710 1326 769 1382 eius
780 1327 854 1398 leges
868 1325 908 1397 (ιι.
920 1325 970 1397 56)
996 1361 1301 1382 ..................
1325 1321 1377 1374 132

345 1420 561 1478 Cnrsusnaturae
575 1422 614 1494 (ιι.
627 1421 675 1493 57)
682 1457 1302 1479 ....................................
1325 1415 1377 1470 133

344 1513 508 1570 Miraoulurn
526 1532 582 1571 non
596 1514 684 1571 violat
701 1515 776 1587 leges
794 1521 908 1586 natura,
920 1515 968 1572 sed
987 1515 1075 1572 solum
1092 1512 1184 1570 cursui
1202 1517 1306 1568 natus
1354 1543 1359 1552 ‹

378 1608 525 1680 opponitur
537 1608 576 1681 (ιι.
590 1608 638 1679 58)
646 1647 1301 1666 ......................................
1324 1604 1377 1658 134

344 1699 508 1756 Mire-culum
525 1707 567 1758 est
584 1700 721 1774 possibile,
734 1707 763 1757 et
776 1707 882 1758 constat
897 1702 970 1774 quod
987 1701 1075 1758 multa
1087 1699 1217 1756 miracula
1234 1697 1308 1754 facts

378 1794 478 1850 luerint
491 1795 530 1867 (ιι.
543 1796 586 1865 59,
599 1796 648 1867 60)
679 1833 1301 1852 ....................................
1325 1791 1377 1846 135

343 1889 492 1944 Solvuntur
503 1887 609 1946 obiecta
621 1890 659 1960 (n.
672 1889 716 1958 61,
728 1891 777 1960 63)
783 1928 1300 1947 ..............................
1324 1887 1374 1940 137

609 2161 655 2215 Dra
667 2176 798 2216 serroun
810 2176 863 2216 nur
874 2177 907 2215 ru
918 2176 1033 2216 nunno.

342 2270 449 2326 Divisio
461 2275 592 2327 tractatus
605 2273 647 2343 (ιι.
661 2271 690 2341 1)
712 2309 1299 2328 ..................................
1323 2268 1376 2322 141

253 2359 265 2382 '
274 2365 357 2420 CAP.
371 2365 393 2420 I.
413 2366 457 2419 Du
471 2381 716 2422 cousnnvarroun
728 2382 843 2422 annun.

342 2461 399 2528 Res
410 2467 507 2517 creatae
519 2462 643 2534 indigent
654 2463 806 2520 conservari
818 2463 858 2534 (ιι.
872 2462 903 2534 2)
921 2501 1297 2518 ......................
1338 2458 1373 2514 ib·

341 2555 518 2612 Conservatio
530 2561 573 2612 est
582 2557 701 2630 positiva
710 2557 782 2612 aetio
793 2556 846 2611 Dei
859 2558 899 2628 (n.
912 2557 943 2628 3)
957 2596 1296 2611 ....................
1321 2555 1374 2609 142

342 2650 518 2708 conservatio
530 2657 660 2708 creaturae
673 2657 715 2707 est
730 2657 807 2706 actua
818 2651 872 2706 Dei
884 2650 1043 2706 terminatus
1060 2651 1096 2705 ad
1107 2667 1165 2704 esse
1176 2647 1302 2704 substan-

377 2746 442 2802 tiale
457 2751 585 2802 creaturas
599 2754 631 2801 ut
642 2746 853 2802 accidentalibus
869 2743 1065 2800 mutationibus
1082 2744 1224 2800 actualiter
1239 2742 1303 2799 aub-

376 2839 453 2895 isotae
468 2840 507 2911 (ιι.
520 2839 546 2909 4,
559 2839 590 2909 5)
605 2879 1296 2896 ........................................
1321 2838 1372 2892 143

341 2934 503 2990 Aecidentia
518 2953 574 2990 ιιοιι
589 2934 714 3007 indigent
729 2935 836 3005 11111111
846 2934 1049 2990 conservatione
1066 2950 1083 2989 a
1099 2933 1313 2989 conservatione

374 3026 533 3084 substantias
545 3027 674 3083 distincta
686 3027 725 3099 (ιι.
739 3028 769 3098 3)
781 3068 1296 3084 ..............................
1320 3028 1373 3082 146

341 3118 489 3176 Solvuntur
500 3121 606 3178 obiecta
618 3123 656 3193 (n.
671 3123 696 3190 7,
706 3123 737 3194 8)
744 3163 1294 3179 ................................
1320 3123 1371 3177 149

339 3213 468 3270 Notanda
478 3215 550 3270 circa
560 3232 662 3270 nexum
673 3216 744 3270 inter
755 3216 987 3272 conservationem
999 3221 1028 3272 et
1038 3233 1196 3272 concursum
1210 3217 1299 3289 (1.9).
1319 3218 1370 3270 151

271 3309 353 3364 CAP.
365 3308 403 3364 IL
423 3309 468 3363 Dn
481 3324 638 3365 concussu
649 3310 709 3366 Dnr
721 3326 761 3365 ιι)
773 3326 868 3367 sorus
880 3327 1116 3369 omarunannu.

338 3403 486 3476 Praeipuoe
497 3403 640 3460 sententiae
654 3405 693 3478 (ιι
707 3405 755 3477 10)
779 3445 1294 3462 ..............................
1319 3405 1370 3459 152

340 3497 493 3555 Concursus
502 3501 544 3553 est
552 3499 714 3572 conspiratio
723 3499 861 3554 actionum
872 3500 908 3555 ad
915 3499 1089 3556 afficiendum
1094 3517 1179 3554 unum
1187 3517 1300 3555 numero

373 3591 507 3662 effaetum,
519 3597 548 3648 et
560 3597 602 3648 ost
612 3593 792 3650 simultaneus
805 3593 844 3666 (ιι.
859 3594 906 3666 11)
908 3625 1293 3651 .......................
1310 3593 1367 3648 *a

339 3687 492 3745 Concursus
508 3689 600 3745 stricte
611 3694 736 3763 sumptus
747 3695 789 3746 est
803 3707 909 3762 semper
919 3689 1060 3762 positivus,
1072 3689 1259 3759 simultaneus,
1271 3694 1300 3745 et

372 3782 597 3855 1111111111
611 3783 659 3855 12)
672 3823 1292 3841 ....................................
1317 3784 1369 3838 153

338 3876 491 3934 Concursus
509 3877 601 3934 stricte
615 3883 739 3952 sumptus
757 3877 1053 3952 numquam-recipitur
1067 3878 1098 3934 in
1111 3896 1152 3949 eo,
1164 3895 1228 3934 cum
1236 3895 1298 3952 ·quo

372 3973 539 4028 concurritur
551 3972 591 4044 (ιι.
605 3972 653 4044 13)
672 4013 1292 4030 ....................................
1317 3973 1370 4027 155

337 4065 490 4122 Concursus
510 4067 603 4124 stricte
623 4071 747 4141 sumptus
764 4085 820 4124 ιιοιι
838 4073 880 4122 ast
898 4067 1039 4124 translatio
1058 4066 1173 4124 virtutis
1185 4068 1299 4141 agentis

371 4160 911 4234 subordinatideotioadaetummll,
925 4162 971 4234 15)
986 4202 1291 4219 ..................
1317 4162 1369 4216 156

336 4252 489 4310 Concururs
498 4256 591 4313 stricte
603 4259 728 4329 sumptus
740 4260 781 4312 est
792 4261 868 4312 actus
879 4273 934 4330 quo
945 4261 1112 4313 sustentatur
1123 4269 1209 4329 agens
1215 4257 1299 4314 ¹redu·

370 4347 497 4417 plicative
508 4354 541 4405 ut
553 4367 636 4422 agens
648 4350 687 4422 (ιι.
701 4350 744 4420 13,
757 4350 818 4423 17).
830 4390 1291 4407 ...........................
1316 4350 1368 4406 157
