<?xml version="1.0" encoding="UTF-8"?>
<!DOCTYPE html PUBLIC "-//W3C//DTD XHTML 1.0 Transitional//EN"
    "http://www.w3.org/TR/xhtml1/DTD/xhtml1-transitional.dtd">
<html xmlns="http://www.w3.org/1999/xhtml" xml:lang="en" lang="en">
 <head>
  <title>
</title>
<meta http-equiv="Content-Type" content="text/html;charset=utf-8" />
  <meta name='ocr-system' content='tesseract 3.04.00' />
  <meta name='ocr-capabilities' content='ocr_page ocr_carea ocr_par ocr_line ocrx_word'/>
</head>
<body>
  <div class='ocr_page' id='page_1' title='image "./realisphilosoph01baymgoog_0085.png"; bbox 0 0 3212 4986; ppageno 0'>
   <div class='ocr_carea' id='block_1_1' title="bbox 269 349 1367 434">
    <p class='ocr_par' dir='ltr' id='par_1_1' title="bbox 269 349 1367 434">
     <span class='ocr_line' id='line_1_1' title="bbox 269 349 1367 434; baseline -0.017 -7"><span class='ocrx_word' id='word_1_1' title='bbox 269 365 311 428; x_wconf 80' lang='lat'><strong>70</strong></span> <span class='ocrx_word' id='word_1_2' title='bbox 724 377 766 421; x_wconf 86' lang='lat' dir='ltr'><strong>na</strong></span> <span class='ocrx_word' id='word_1_3' title='bbox 783 375 912 422; x_wconf 79' lang='lat' dir='ltr'><strong>nunno.</strong></span> <span class='ocrx_word' id='word_1_4' title='bbox 1239 349 1325 434; x_wconf 78' lang='lat' dir='ltr'><strong>[cnr.</strong></span> <span class='ocrx_word' id='word_1_5' title='bbox 1344 367 1367 408; x_wconf 92' lang='lat'><strong>1.</strong></span> 
     </span>
    </p>
   </div>
   <div class='ocr_carea' id='block_1_2' title="bbox 267 525 1369 735">
    <p class='ocr_par' dir='ltr' id='par_1_2' title="bbox 267 525 1369 735">
     <span class='ocr_line' id='line_1_2' title="bbox 267 525 1369 624; baseline -0.013 -20"><span class='ocrx_word' id='word_1_6' title='bbox 267 541 339 620; x_wconf 89' lang='lat' dir='ltr'><strong>fine,</strong></span> <span class='ocrx_word' id='word_1_7' title='bbox 353 538 537 624; x_wconf 78' lang='lat' dir='ltr'><strong>perfectione</strong></span> <span class='ocrx_word' id='word_1_8' title='bbox 559 545 590 602; x_wconf 91' lang='lat' dir='ltr'><strong>et</strong></span> <span class='ocrx_word' id='word_1_9' title='bbox 613 535 720 602; x_wconf 85' lang='lat' dir='ltr'><strong>ordine</strong></span> <span class='ocrx_word' id='word_1_10' title='bbox 739 534 868 600; x_wconf 89' lang='lat' dir='ltr'><strong>mundi:</strong></span> <span class='ocrx_word' id='word_1_11' title='bbox 891 542 922 599; x_wconf 91' lang='lat' dir='ltr'><strong>et</strong></span> <span class='ocrx_word' id='word_1_12' title='bbox 941 532 1010 598; x_wconf 91' lang='lat' dir='ltr'><strong>ideo</strong></span> <span class='ocrx_word' id='word_1_13' title='bbox 1031 531 1082 596; x_wconf 88' lang='lat' dir='ltr'><strong>bic</strong></span> <span class='ocrx_word' id='word_1_14' title='bbox 1103 536 1251 594; x_wconf 83' lang='lat' dir='ltr'><strong>tractatus</strong></span> <span class='ocrx_word' id='word_1_15' title='bbox 1270 525 1369 620; x_wconf 80' lang='lat' dir='ltr'><strong>tribus</strong></span> 
     </span>
     <span class='ocr_line' id='line_1_3' title="bbox 267 649 617 735; baseline -0.009 -19"><span class='ocrx_word' id='word_1_16' title='bbox 267 650 419 735; x_wconf 76' lang='lat' dir='ltr'><strong>capitibus</strong></span> <span class='ocrx_word' id='word_1_17' title='bbox 434 649 617 714; x_wconf 87' lang='lat' dir='ltr'><strong>absolvetur.</strong></span> 
     </span>
    </p>
   </div>
   <div class='ocr_carea' id='block_1_3' title="bbox 722 967 912 1034">
    <p class='ocr_par' dir='ltr' id='par_1_3' title="bbox 722 967 912 1034">
     <span class='ocr_line' id='line_1_4' title="bbox 722 967 912 1034; baseline -0.016 0"><span class='ocrx_word' id='word_1_18' title='bbox 722 967 863 1034; x_wconf 81' lang='lat' dir='ltr'>CAPUT</span> <span class='ocrx_word' id='word_1_19' title='bbox 885 969 912 1031; x_wconf 92' lang='grc' dir='ltr'><strong>Ι.</strong></span> 
     </span>
    </p>
   </div>
   <div class='ocr_carea' id='block_1_4' title="bbox 612 1147 1024 1206">
    <p class='ocr_par' dir='ltr' id='par_1_4' title="bbox 612 1147 1024 1206">
     <span class='ocr_line' id='line_1_5' title="bbox 612 1147 1024 1206; baseline -0.01 0"><span class='ocrx_word' id='word_1_20' title='bbox 612 1149 663 1206; x_wconf 85' lang='lat' dir='ltr'><strong>DE</strong></span> <span class='ocrx_word' id='word_1_21' title='bbox 680 1147 871 1206; x_wconf 76' lang='lat' dir='ltr'><strong>ENTITATE</strong></span> <span class='ocrx_word' id='word_1_22' title='bbox 889 1148 1024 1204; x_wconf 88' lang='lat' dir='ltr'>MUNDI.</span> 
     </span>
    </p>
   </div>
   <div class='ocr_carea' id='block_1_5' title="bbox 271 1294 1375 2276">
    <p class='ocr_par' dir='ltr' id='par_1_5' title="bbox 271 1294 1375 2276">
     <span class='ocr_line' id='line_1_6' title="bbox 312 1294 1370 1381; baseline -0.006 -18"><span class='ocrx_word' id='word_1_23' title='bbox 312 1301 344 1364; x_wconf 78' lang='grc'><strong>2.</strong></span> <span class='ocrx_word' id='word_1_24' title='bbox 368 1297 441 1362; x_wconf 78' lang='lat' dir='ltr'><strong>Tres</strong></span> <span class='ocrx_word' id='word_1_25' title='bbox 467 1305 540 1362; x_wconf 89' lang='lat' dir='ltr'><strong>sunt</strong></span> <span class='ocrx_word' id='word_1_26' title='bbox 563 1295 708 1381; x_wconf 82' lang='lat' dir='ltr'><strong>praecipui</strong></span> <span class='ocrx_word' id='word_1_27' title='bbox 737 1317 852 1360; x_wconf 84' lang='lat' dir='ltr'><strong>errores</strong></span> <span class='ocrx_word' id='word_1_28' title='bbox 877 1294 957 1360; x_wconf 90' lang='lat' dir='ltr'><strong>circa</strong></span> <span class='ocrx_word' id='word_1_29' title='bbox 984 1295 1145 1359; x_wconf 76' lang='lat' dir='ltr'><strong>entitatem</strong></span> <span class='ocrx_word' id='word_1_30' title='bbox 1167 1315 1202 1358; x_wconf 90' lang='lat' dir='ltr'><strong>ac</strong></span> <span class='ocrx_word' id='word_1_31' title='bbox 1228 1302 1370 1358; x_wconf 86' lang='lat' dir='ltr'><strong>naturam</strong></span> 
     </span>
     <span class='ocr_line' id='line_1_7' title="bbox 271 1405 1371 1492; baseline -0.003 -18"><span class='ocrx_word' id='word_1_32' title='bbox 271 1409 397 1488; x_wconf 82' lang='lat' dir='ltr'><strong>muudi3</strong></span> <span class='ocrx_word' id='word_1_33' title='bbox 420 1416 482 1474; x_wconf 89' lang='lat' dir='ltr'><strong>tres</strong></span> <span class='ocrx_word' id='word_1_34' title='bbox 506 1407 588 1472; x_wconf 92' lang='lat' dir='ltr'><strong>enim</strong></span> <span class='ocrx_word' id='word_1_35' title='bbox 613 1416 685 1474; x_wconf 93' lang='lat' dir='ltr'><strong>sunt</strong></span> <span class='ocrx_word' id='word_1_36' title='bbox 710 1405 862 1470; x_wconf 81' lang='lat' dir='ltr'><strong>distinetae</strong></span> <span class='ocrx_word' id='word_1_37' title='bbox 884 1406 1129 1490; x_wconf 87' lang='lat' dir='ltr'><strong>pantheistarum</strong></span> <span class='ocrx_word' id='word_1_38' title='bbox 1152 1405 1277 1492; x_wconf 77' lang='lat' dir='ltr'><strong>species,</strong></span> <span class='ocrx_word' id='word_1_39' title='bbox 1303 1429 1371 1491; x_wconf 83' lang='lat' dir='ltr'><strong>quae</strong></span> 
     </span>
     <span class='ocr_line' id='line_1_8' title="bbox 272 1517 1373 1602; baseline -0.005 -16"><span class='ocrx_word' id='word_1_40' title='bbox 272 1520 423 1586; x_wconf 90' lang='lat' dir='ltr'><strong>mundum</strong></span> <span class='ocrx_word' id='word_1_41' title='bbox 440 1542 510 1584; x_wconf 93' lang='lat' dir='ltr'><strong>cum</strong></span> <span class='ocrx_word' id='word_1_42' title='bbox 532 1520 600 1584; x_wconf 87' lang='lat' dir='ltr'><strong>Deo</strong></span> <span class='ocrx_word' id='word_1_43' title='bbox 621 1517 826 1583; x_wconf 79' lang='lat' dir='ltr'><strong>confundunt.</strong></span> <span class='ocrx_word' id='word_1_44' title='bbox 870 1518 993 1582; x_wconf 81' lang='lat' dir='ltr'><strong>Primus</strong></span> <span class='ocrx_word' id='word_1_45' title='bbox 1015 1540 1098 1583; x_wconf 88' lang='lat' dir='ltr'><strong>error</strong></span> <span class='ocrx_word' id='word_1_46' title='bbox 1119 1526 1166 1582; x_wconf 87' lang='lat' dir='ltr'><strong>est</strong></span> <span class='ocrx_word' id='word_1_47' title='bbox 1187 1540 1302 1598; x_wconf 90' lang='lat' dir='ltr'><strong>eorum,</strong></span> <span class='ocrx_word' id='word_1_48' title='bbox 1319 1518 1373 1602; x_wconf 92' lang='lat' dir='ltr'><strong>qui</strong></span> 
     </span>
     <span class='ocr_line' id='line_1_9' title="bbox 271 1629 1371 1715; baseline -0.005 -17"><span class='ocrx_word' id='word_1_49' title='bbox 271 1642 411 1698; x_wconf 88' lang='lat' dir='ltr'><strong>asserunt</strong></span> <span class='ocrx_word' id='word_1_50' title='bbox 429 1631 580 1696; x_wconf 89' lang='lat' dir='ltr'><strong>mundum</strong></span> <span class='ocrx_word' id='word_1_51' title='bbox 603 1631 789 1696; x_wconf 85' lang='lat' dir='ltr'><strong>emanarisse</strong></span> <span class='ocrx_word' id='word_1_52' title='bbox 807 1652 843 1694; x_wconf 82' lang='lat' dir='ltr'><strong>ex</strong></span> <span class='ocrx_word' id='word_1_53' title='bbox 865 1629 967 1694; x_wconf 88' lang='lat' dir='ltr'><strong>divina</strong></span> <span class='ocrx_word' id='word_1_54' title='bbox 989 1630 1161 1695; x_wconf 87' lang='lat' dir='ltr'><strong>substantia</strong></span> <span class='ocrx_word' id='word_1_55' title='bbox 1174 1652 1228 1715; x_wconf 90' lang='lat' dir='ltr'><strong>per</strong></span> <span class='ocrx_word' id='word_1_56' title='bbox 1249 1652 1371 1695; x_wconf 89' lang='lat' dir='ltr'><strong>emana-</strong></span> 
     </span>
     <span class='ocr_line' id='line_1_10' title="bbox 271 1740 1373 1826; baseline -0.003 -18"><span class='ocrx_word' id='word_1_57' title='bbox 271 1744 387 1808; x_wconf 88' lang='lat' dir='ltr'><strong>tionem</strong></span> <span class='ocrx_word' id='word_1_58' title='bbox 402 1750 631 1808; x_wconf 70' lang='lat' dir='ltr'><strong>transeuntem:</strong></span> <span class='ocrx_word' id='word_1_59' title='bbox 655 1740 807 1806; x_wconf 87' lang='lat' dir='ltr'><strong>secuudus</strong></span> <span class='ocrx_word' id='word_1_60' title='bbox 822 1748 868 1806; x_wconf 83' lang='lat' dir='ltr'><strong>est</strong></span> <span class='ocrx_word' id='word_1_61' title='bbox 888 1762 1005 1820; x_wconf 86' lang='lat' dir='ltr'><strong>eorum,</strong></span> <span class='ocrx_word' id='word_1_62' title='bbox 1021 1741 1075 1826; x_wconf 87' lang='lat' dir='ltr'><strong>qui</strong></span> <span class='ocrx_word' id='word_1_63' title='bbox 1089 1747 1200 1825; x_wconf 90' lang='lat' dir='ltr'><strong>putant</strong></span> <span class='ocrx_word' id='word_1_64' title='bbox 1221 1740 1373 1805; x_wconf 89' lang='lat' dir='ltr'><strong>mundum</strong></span> 
     </span>
     <span class='ocr_line' id='line_1_11' title="bbox 273 1851 1375 1936; baseline -0.004 -17"><span class='ocrx_word' id='word_1_65' title='bbox 273 1877 339 1920; x_wconf 84' lang='lat' dir='ltr'><strong>esse</strong></span> <span class='ocrx_word' id='word_1_66' title='bbox 360 1853 566 1919; x_wconf 89' lang='lat' dir='ltr'><strong>evolutionem</strong></span> <span class='ocrx_word' id='word_1_67' title='bbox 590 1853 700 1918; x_wconf 74' lang='lat' dir='ltr'><strong>divine</strong></span> <span class='ocrx_word' id='word_1_68' title='bbox 725 1852 904 1918; x_wconf 84' lang='lat' dir='ltr'><strong>substantiae</strong></span> <span class='ocrx_word' id='word_1_69' title='bbox 926 1853 958 1916; x_wconf 90' lang='lat' dir='ltr'><strong>in</strong></span> <span class='ocrx_word' id='word_1_70' title='bbox 983 1852 1050 1936; x_wconf 88' lang='lat' dir='ltr'><strong>ipsa</strong></span> <span class='ocrx_word' id='word_1_71' title='bbox 1078 1852 1182 1917; x_wconf 85' lang='lat' dir='ltr'><strong>divina</strong></span> <span class='ocrx_word' id='word_1_72' title='bbox 1203 1851 1375 1916; x_wconf 88' lang='lat' dir='ltr'><strong>substantia</strong></span> 
     </span>
     <span class='ocr_line' id='line_1_12' title="bbox 273 1961 1375 2048; baseline -0.009 -12"><span class='ocrx_word' id='word_1_73' title='bbox 273 1966 509 2036; x_wconf 88' lang='lat' dir='ltr'><strong>immanentem:</strong></span> <span class='ocrx_word' id='word_1_74' title='bbox 532 1964 640 2030; x_wconf 87' lang='lat' dir='ltr'><strong>tertius</strong></span> <span class='ocrx_word' id='word_1_75' title='bbox 655 1973 702 2029; x_wconf 86' lang='lat' dir='ltr'><strong>est</strong></span> <span class='ocrx_word' id='word_1_76' title='bbox 721 1986 837 2043; x_wconf 89' lang='lat' dir='ltr'><strong>eorum,</strong></span> <span class='ocrx_word' id='word_1_77' title='bbox 853 1964 907 2048; x_wconf 89' lang='lat' dir='ltr'><strong>qui</strong></span> <span class='ocrx_word' id='word_1_78' title='bbox 921 1962 1029 2028; x_wconf 89' lang='lat' dir='ltr'><strong>dicunt</strong></span> <span class='ocrx_word' id='word_1_79' title='bbox 1051 1962 1203 2028; x_wconf 92' lang='lat' dir='ltr'><strong>mundum</strong></span> <span class='ocrx_word' id='word_1_80' title='bbox 1217 1961 1295 2026; x_wconf 88' lang='lat' dir='ltr'><strong>nihil</strong></span> <span class='ocrx_word' id='word_1_81' title='bbox 1309 1983 1375 2026; x_wconf 86' lang='lat' dir='ltr'><strong>esse</strong></span> 
     </span>
     <span class='ocr_line' id='line_1_13' title="bbox 273 2073 1375 2150; baseline -0.005 -8"><span class='ocrx_word' id='word_1_82' title='bbox 273 2076 357 2142; x_wconf 84' lang='lat' dir='ltr'><strong>aliud</strong></span> <span class='ocrx_word' id='word_1_83' title='bbox 382 2077 443 2142; x_wconf 89' lang='lat' dir='ltr'><strong>nisi</strong></span> <span class='ocrx_word' id='word_1_84' title='bbox 472 2077 601 2142; x_wconf 89' lang='lat' dir='ltr'><strong>idealem</strong></span> <span class='ocrx_word' id='word_1_85' title='bbox 629 2075 774 2140; x_wconf 81' lang='lat' dir='ltr'><strong>Absoluti</strong></span> <span class='ocrx_word' id='word_1_86' title='bbox 806 2074 1020 2141; x_wconf 89' lang='lat' dir='ltr'><strong>evolutionem.</strong></span> <span class='ocrx_word' id='word_1_87' title='bbox 1066 2073 1153 2150; x_wconf 80' lang='lat' dir='ltr'><strong>Quos</strong></span> <span class='ocrx_word' id='word_1_88' title='bbox 1181 2095 1296 2138; x_wconf 84' lang='lat' dir='ltr'><strong>errores</strong></span> <span class='ocrx_word' id='word_1_89' title='bbox 1324 2073 1375 2137; x_wconf 90' lang='lat' dir='ltr'><strong>bic</strong></span> 
     </span>
     <span class='ocr_line' id='line_1_14' title="bbox 274 2189 841 2276; baseline -0.002 -22"><span class='ocrx_word' id='word_1_90' title='bbox 274 2189 435 2276; x_wconf 80' lang='lat' dir='ltr'><strong>separatim</strong></span> <span class='ocrx_word' id='word_1_91' title='bbox 449 2189 627 2255; x_wconf 84' lang='lat' dir='ltr'><strong>refutandos</strong></span> <span class='ocrx_word' id='word_1_92' title='bbox 641 2210 841 2254; x_wconf 85' lang='lat' dir='ltr'><strong>assumemus.</strong></span> 
     </span>
    </p>
   </div>
   <div class='ocr_carea' id='block_1_6' title="bbox 622 2461 994 2524">
    <p class='ocr_par' dir='ltr' id='par_1_6' title="bbox 622 2461 994 2524">
     <span class='ocr_line' id='line_1_15' title="bbox 622 2461 994 2524; baseline -0.003 0"><span class='ocrx_word' id='word_1_93' title='bbox 622 2461 625 2472; x_wconf 88' lang='lat'>&#39;</span> <span class='ocrx_word' id='word_1_94' title='bbox 657 2479 994 2524; x_wconf 79' lang='lat' dir='ltr'><strong>anmcunusnnruua.</strong></span> 
     </span>
    </p>
   </div>
   <div class='ocr_carea' id='block_1_7' title="bbox 601 2578 1042 2674">
    <p class='ocr_par' dir='ltr' id='par_1_7' title="bbox 601 2578 1042 2674">
     <span class='ocr_line' id='line_1_16' title="bbox 601 2578 1042 2674; baseline -0.002 -3"><span class='ocrx_word' id='word_1_95' title='bbox 601 2609 649 2672; x_wconf 86' lang='lat' dir='ltr'><strong>De</strong></span> <span class='ocrx_word' id='word_1_96' title='bbox 663 2578 851 2674; x_wconf 64' lang='lat' dir='ltr'><strong>caecatum</strong></span> <span class='ocrx_word' id='word_1_97' title='bbox 867 2616 1042 2672; x_wconf 77' lang='lat' dir='ltr'><strong>transeunte.</strong></span> 
     </span>
    </p>
   </div>
   <div class='ocr_carea' id='block_1_8' title="bbox 274 2755 1383 4402">
    <p class='ocr_par' dir='ltr' id='par_1_8' title="bbox 274 2755 1376 2953">
     <span class='ocr_line' id='line_1_17' title="bbox 318 2755 1376 2843; baseline 0 -21"><span class='ocrx_word' id='word_1_98' title='bbox 318 2761 349 2822; x_wconf 85' lang='grc'><strong>3.</strong></span> <span class='ocrx_word' id='word_1_99' title='bbox 373 2758 483 2843; x_wconf 87' lang='lat' dir='ltr'><strong>Itaque</strong></span> <span class='ocrx_word' id='word_1_100' title='bbox 508 2758 607 2842; x_wconf 91' lang='lat' dir='ltr'><strong>primo</strong></span> <span class='ocrx_word' id='word_1_101' title='bbox 632 2757 744 2821; x_wconf 79' lang='lat' dir='ltr'><strong>falsum</strong></span> <span class='ocrx_word' id='word_1_102' title='bbox 770 2764 828 2837; x_wconf 88' lang='lat' dir='ltr'><strong>est,</strong></span> <span class='ocrx_word' id='word_1_103' title='bbox 845 2755 997 2820; x_wconf 88' lang='lat' dir='ltr'><strong>mundum</strong></span> <span class='ocrx_word' id='word_1_104' title='bbox 1023 2779 1060 2821; x_wconf 86' lang='lat' dir='ltr'><strong>ex</strong></span> <span class='ocrx_word' id='word_1_105' title='bbox 1082 2755 1184 2822; x_wconf 85' lang='lat' dir='ltr'><strong>divina</strong></span> <span class='ocrx_word' id='word_1_106' title='bbox 1206 2758 1376 2824; x_wconf 87' lang='lat' dir='ltr'><strong>substantia</strong></span> 
     </span>
     <span class='ocr_line' id='line_1_18' title="bbox 274 2867 1302 2953; baseline 0 -19"><span class='ocrx_word' id='word_1_107' title='bbox 274 2869 397 2934; x_wconf 83' lang='lat' dir='ltr'><strong>fluxisse</strong></span> <span class='ocrx_word' id='word_1_108' title='bbox 407 2891 462 2953; x_wconf 91' lang='lat' dir='ltr'><strong>per</strong></span> <span class='ocrx_word' id='word_1_109' title='bbox 476 2867 700 2934; x_wconf 86' lang='lat' dir='ltr'><strong>emanationem</strong></span> <span class='ocrx_word' id='word_1_110' title='bbox 715 2867 946 2932; x_wconf 82' lang='lat' dir='ltr'><strong>substantialem</strong></span> <span class='ocrx_word' id='word_1_111' title='bbox 961 2868 1140 2935; x_wconf 85' lang='lat' dir='ltr'><strong>Divinitatis</strong></span> <span class='ocrx_word' id='word_1_112' title='bbox 1154 2868 1194 2933; x_wconf 85' lang='lat' dir='ltr'><strong>ed</strong></span> <span class='ocrx_word' id='word_1_113' title='bbox 1208 2877 1302 2934; x_wconf 87' lang='lat' dir='ltr'><strong>extra.</strong></span> 
     </span>
    </p>

    <p class='ocr_par' dir='ltr' id='par_1_9' title="bbox 275 2976 1383 4402">
     <span class='ocr_line' id='line_1_19' title="bbox 319 2976 1378 3065; baseline 0.001 -20"><span class='ocrx_word' id='word_1_114' title='bbox 319 2981 480 3046; x_wconf 86' lang='lat' dir='ltr'><strong>Probatur.</strong></span> <span class='ocrx_word' id='word_1_115' title='bbox 525 2981 608 3045; x_wconf 91' lang='lat' dir='ltr'><strong>Nam</strong></span> <span class='ocrx_word' id='word_1_116' title='bbox 622 2981 722 3065; x_wconf 83' lang='lat' dir='ltr'><strong>primo</strong></span> <span class='ocrx_word' id='word_1_117' title='bbox 741 2976 892 3044; x_wconf 82' lang='lat' dir='ltr'><strong>emanatio</strong></span> <span class='ocrx_word' id='word_1_118' title='bbox 907 2979 1015 3047; x_wconf 89' lang='lat' dir='ltr'><strong>mundi</strong></span> <span class='ocrx_word' id='word_1_119' title='bbox 1031 2999 1068 3044; x_wconf 82' lang='lat' dir='ltr'><strong>ex</strong></span> <span class='ocrx_word' id='word_1_120' title='bbox 1086 2980 1258 3048; x_wconf 81' lang='lat' dir='ltr'><strong>substantia</strong></span> <span class='ocrx_word' id='word_1_121' title='bbox 1276 2981 1378 3046; x_wconf 87' lang='lat' dir='ltr'><strong>divina</strong></span> 
     </span>
     <span class='ocr_line' id='line_1_20' title="bbox 275 3088 1379 3178; baseline 0.002 -21"><span class='ocrx_word' id='word_1_122' title='bbox 275 3101 427 3177; x_wconf 84' lang='lat' dir='ltr'><strong>repugnat</strong></span> <span class='ocrx_word' id='word_1_123' title='bbox 442 3115 479 3158; x_wconf 85' lang='lat' dir='ltr'><strong>ex</strong></span> <span class='ocrx_word' id='word_1_124' title='bbox 491 3100 576 3178; x_wconf 86' lang='lat' dir='ltr'><strong>parte</strong></span> <span class='ocrx_word' id='word_1_125' title='bbox 587 3092 656 3157; x_wconf 91' lang='lat' dir='ltr'><strong>Dei.</strong></span> <span class='ocrx_word' id='word_1_126' title='bbox 693 3088 768 3156; x_wconf 87' lang='lat' dir='ltr'><strong>Haec</strong></span> <span class='ocrx_word' id='word_1_127' title='bbox 782 3092 866 3155; x_wconf 83' lang='lat' dir='ltr'><strong>enim</strong></span> <span class='ocrx_word' id='word_1_128' title='bbox 880 3091 1033 3157; x_wconf 80' lang='lat' dir='ltr'><strong>emanatio</strong></span> <span class='ocrx_word' id='word_1_129' title='bbox 1044 3091 1091 3156; x_wconf 86' lang='lat' dir='ltr'><strong>vel</strong></span> <span class='ocrx_word' id='word_1_130' title='bbox 1102 3091 1211 3158; x_wconf 78' lang='lat' dir='ltr'><strong>finsset</strong></span> <span class='ocrx_word' id='word_1_131' title='bbox 1224 3093 1320 3159; x_wconf 90' lang='lat' dir='ltr'><strong>libera</strong></span> <span class='ocrx_word' id='word_1_132' title='bbox 1331 3095 1379 3159; x_wconf 87' lang='lat' dir='ltr'><strong>vel</strong></span> 
     </span>
     <span class='ocr_line' id='line_1_21' title="bbox 277 3203 1379 3290; baseline 0.002 -22"><span class='ocrx_word' id='word_1_133' title='bbox 277 3204 461 3271; x_wconf 85' lang='lat' dir='ltr'><strong>necessaria:</strong></span> <span class='ocrx_word' id='word_1_134' title='bbox 484 3204 571 3290; x_wconf 87' lang='lat' dir='ltr'><strong>atqui</strong></span> <span class='ocrx_word' id='word_1_135' title='bbox 590 3212 738 3268; x_wconf 89' lang='lat' dir='ltr'><strong>neutrum</strong></span> <span class='ocrx_word' id='word_1_136' title='bbox 755 3203 1000 3288; x_wconf 79' lang='lat' dir='ltr'><strong>luitpossibile3</strong></span> <span class='ocrx_word' id='word_1_137' title='bbox 1024 3226 1097 3288; x_wconf 86' lang='lat' dir='ltr'><strong>ergo</strong></span> <span class='ocrx_word' id='word_1_138' title='bbox 1118 3205 1205 3269; x_wconf 91' lang='lat' dir='ltr'><strong>nulla</strong></span> <span class='ocrx_word' id='word_1_139' title='bbox 1226 3205 1286 3270; x_wconf 84' lang='lat' dir='ltr'><strong>fuit</strong></span> <span class='ocrx_word' id='word_1_140' title='bbox 1309 3207 1379 3270; x_wconf 89' lang='lat' dir='ltr'><strong>talis</strong></span> 
     </span>
     <span class='ocr_line' id='line_1_22' title="bbox 277 3315 1379 3401; baseline 0.002 -21"><span class='ocrx_word' id='word_1_141' title='bbox 277 3317 438 3381; x_wconf 88' lang='lat' dir='ltr'><strong>emanatio.</strong></span> <span class='ocrx_word' id='word_1_142' title='bbox 482 3316 589 3381; x_wconf 88' lang='lat' dir='ltr'><strong>Minor</strong></span> <span class='ocrx_word' id='word_1_143' title='bbox 616 3315 787 3401; x_wconf 70' lang='lat' dir='ltr'><strong>probaturi</strong></span> <span class='ocrx_word' id='word_1_144' title='bbox 804 3324 843 3379; x_wconf 88' lang='lat' dir='ltr'><strong>et·</strong></span> <span class='ocrx_word' id='word_1_145' title='bbox 860 3315 985 3400; x_wconf 88' lang='lat' dir='ltr'><strong>quidem</strong></span> <span class='ocrx_word' id='word_1_146' title='bbox 1013 3337 1077 3379; x_wconf 91' lang='lat' dir='ltr'><strong>non</strong></span> <span class='ocrx_word' id='word_1_147' title='bbox 1099 3317 1201 3401; x_wconf 92' lang='lat' dir='ltr'><strong>potuit</strong></span> <span class='ocrx_word' id='word_1_148' title='bbox 1226 3318 1379 3382; x_wconf 86' lang='lat' dir='ltr'><strong>emanatio</strong></span> 
     </span>
     <span class='ocr_line' id='line_1_23' title="bbox 277 3426 1380 3512; baseline -0.002 -18"><span class='ocrx_word' id='word_1_149' title='bbox 277 3428 388 3494; x_wconf 89' lang='lat' dir='ltr'><strong>mundi</strong></span> <span class='ocrx_word' id='word_1_150' title='bbox 402 3451 438 3493; x_wconf 84' lang='lat' dir='ltr'><strong>ex</strong></span> <span class='ocrx_word' id='word_1_151' title='bbox 449 3427 621 3494; x_wconf 84' lang='lat' dir='ltr'><strong>substantia</strong></span> <span class='ocrx_word' id='word_1_152' title='bbox 635 3427 739 3492; x_wconf 88' lang='lat' dir='ltr'><strong>divina</strong></span> <span class='ocrx_word' id='word_1_153' title='bbox 750 3442 816 3491; x_wconf 86' lang='lat' dir='ltr'><strong>esse</strong></span> <span class='ocrx_word' id='word_1_154' title='bbox 830 3426 999 3492; x_wconf 89' lang='lat' dir='ltr'><strong>necessaria</strong></span> <span class='ocrx_word' id='word_1_155' title='bbox 1006 3451 1016 3505; x_wconf 73' lang='grc' dir='ltr'><strong><em>ς</em></strong></span> <span class='ocrx_word' id='word_1_156' title='bbox 1034 3426 1105 3512; x_wconf 91' lang='lat' dir='ltr'><strong>quia</strong></span> <span class='ocrx_word' id='word_1_157' title='bbox 1120 3427 1163 3491; x_wconf 90' lang='lat' dir='ltr'><strong>sic</strong></span> <span class='ocrx_word' id='word_1_158' title='bbox 1175 3427 1380 3492; x_wconf 82' lang='lat' dir='ltr'><strong>destrueretur</strong></span> 
     </span>
     <span class='ocr_line' id='line_1_24' title="bbox 277 3538 1381 3625; baseline -0.002 -19"><span class='ocrx_word' id='word_1_159' title='bbox 277 3542 402 3606; x_wconf 88' lang='lat' dir='ltr'><strong>libertas</strong></span> <span class='ocrx_word' id='word_1_160' title='bbox 416 3541 485 3606; x_wconf 91' lang='lat' dir='ltr'><strong>Dei.</strong></span> <span class='ocrx_word' id='word_1_161' title='bbox 531 3541 614 3604; x_wconf 90' lang='lat' dir='ltr'><strong>Nam</strong></span> <span class='ocrx_word' id='word_1_162' title='bbox 633 3561 730 3625; x_wconf 88' lang='lat' dir='ltr'><strong>quum</strong></span> <span class='ocrx_word' id='word_1_163' title='bbox 745 3539 832 3603; x_wconf 88' lang='lat' dir='ltr'><strong>Deus</strong></span> <span class='ocrx_word' id='word_1_164' title='bbox 847 3538 886 3602; x_wconf 95' lang='lat' dir='ltr'><strong>ob</strong></span> <span class='ocrx_word' id='word_1_165' title='bbox 908 3539 1118 3603; x_wconf 89' lang='lat' dir='ltr'><strong>necessitatem</strong></span> <span class='ocrx_word' id='word_1_166' title='bbox 1138 3538 1309 3604; x_wconf 86' lang='lat' dir='ltr'><strong>absolutam</strong></span> <span class='ocrx_word' id='word_1_167' title='bbox 1332 3541 1381 3604; x_wconf 86' lang='lat' dir='ltr'><strong>sui</strong></span> 
     </span>
     <span class='ocr_line' id='line_1_25' title="bbox 279 3650 1382 3731; baseline -0.002 -11"><span class='ocrx_word' id='word_1_168' title='bbox 279 3677 345 3720; x_wconf 87' lang='lat' dir='ltr'><strong>esse</strong></span> <span class='ocrx_word' id='word_1_169' title='bbox 366 3653 485 3718; x_wconf 92' lang='lat' dir='ltr'><strong>nonsit</strong></span> <span class='ocrx_word' id='word_1_170' title='bbox 506 3652 584 3716; x_wconf 91' lang='lat' dir='ltr'><strong>liber</strong></span> <span class='ocrx_word' id='word_1_171' title='bbox 598 3651 638 3716; x_wconf 87' lang='lat' dir='ltr'><strong>ad</strong></span> <span class='ocrx_word' id='word_1_172' title='bbox 658 3652 750 3731; x_wconf 88' lang='lat' dir='ltr'><strong>intra,</strong></span> <span class='ocrx_word' id='word_1_173' title='bbox 766 3651 899 3715; x_wconf 78' lang='lat' dir='ltr'><strong>aietiam</strong></span> <span class='ocrx_word' id='word_1_174' title='bbox 921 3650 1058 3716; x_wconf 87' lang='lat' dir='ltr'><strong>mundus</strong></span> <span class='ocrx_word' id='word_1_175' title='bbox 1072 3651 1141 3716; x_wconf 86' lang='lat' dir='ltr'><strong>fluit</strong></span> <span class='ocrx_word' id='word_1_176' title='bbox 1158 3653 1327 3717; x_wconf 87' lang='lat' dir='ltr'><strong>necessario</strong></span> <span class='ocrx_word' id='word_1_177' title='bbox 1341 3653 1382 3718; x_wconf 84' lang='lat' dir='ltr'><strong>ad</strong></span> 
     </span>
     <span class='ocr_line' id='line_1_26' title="bbox 278 3763 1381 3848; baseline -0.001 -18"><span class='ocrx_word' id='word_1_178' title='bbox 278 3775 372 3845; x_wconf 84' lang='lat' dir='ltr'><strong>extra,</strong></span> <span class='ocrx_word' id='word_1_179' title='bbox 386 3764 492 3829; x_wconf 86' lang='lat' dir='ltr'><strong>omnia</strong></span> <span class='ocrx_word' id='word_1_180' title='bbox 512 3785 581 3848; x_wconf 83' lang='lat' dir='ltr'><strong>quae</strong></span> <span class='ocrx_word' id='word_1_181' title='bbox 594 3764 674 3830; x_wconf 85' lang='lat' dir='ltr'><strong>fiunt</strong></span> <span class='ocrx_word' id='word_1_182' title='bbox 692 3771 776 3828; x_wconf 84' lang='lat' dir='ltr'><strong>extra</strong></span> <span class='ocrx_word' id='word_1_183' title='bbox 792 3763 896 3827; x_wconf 89' lang='lat' dir='ltr'><strong>Deum</strong></span> <span class='ocrx_word' id='word_1_184' title='bbox 911 3763 991 3827; x_wconf 83' lang='lat' dir='ltr'><strong>fiunt</strong></span> <span class='ocrx_word' id='word_1_185' title='bbox 1008 3785 1045 3827; x_wconf 86' lang='lat' dir='ltr'><strong>ex</strong></span> <span class='ocrx_word' id='word_1_186' title='bbox 1067 3785 1187 3828; x_wconf 77' lang='lat' dir='ltr'><strong>summa</strong></span> <span class='ocrx_word' id='word_1_187' title='bbox 1200 3765 1381 3830; x_wconf 81' lang='lat' dir='ltr'><strong>necessitate</strong></span> 
     </span>
     <span class='ocr_line' id='line_1_27' title="bbox 278 3873 1381 3961; baseline -0.003 -17"><span class='ocrx_word' id='word_1_188' title='bbox 278 3878 389 3944; x_wconf 68' lang='lat' dir='ltr'><strong>diune</strong></span> <span class='ocrx_word' id='word_1_189' title='bbox 403 3875 591 3954; x_wconf 73' lang='lat' dir='ltr'><strong>substantia,</strong></span> <span class='ocrx_word' id='word_1_190' title='bbox 606 3883 637 3938; x_wconf 89' lang='lat' dir='ltr'><strong>et</strong></span> <span class='ocrx_word' id='word_1_191' title='bbox 651 3874 738 3938; x_wconf 89' lang='lat' dir='ltr'><strong>nulla</strong></span> <span class='ocrx_word' id='word_1_192' title='bbox 753 3884 891 3961; x_wconf 89' lang='lat' dir='ltr'><strong>superest</strong></span> <span class='ocrx_word' id='word_1_193' title='bbox 910 3873 1034 3938; x_wconf 85' lang='lat' dir='ltr'><strong>libertas</strong></span> <span class='ocrx_word' id='word_1_194' title='bbox 1048 3874 1109 3939; x_wconf 89' lang='lat' dir='ltr'><strong>Dei</strong></span> <span class='ocrx_word' id='word_1_195' title='bbox 1123 3874 1162 3939; x_wconf 87' lang='lat' dir='ltr'><strong>ad</strong></span> <span class='ocrx_word' id='word_1_196' title='bbox 1176 3875 1270 3957; x_wconf 70' lang='lat' dir='ltr'><strong>entra.</strong></span> <span class='ocrx_word' id='word_1_197' title='bbox 1294 3932 1297 3937; x_wconf 96' lang='lat'>.</span> <span class='ocrx_word' id='word_1_198' title='bbox 1315 3877 1381 3942; x_wconf 87' lang='lat' dir='ltr'><strong>Nee</strong></span> 
     </span>
     <span class='ocr_line' id='line_1_28' title="bbox 277 3971 1381 4075; baseline 0 -22"><span class='ocrx_word' id='word_1_199' title='bbox 277 3988 380 4075; x_wconf 89' lang='lat' dir='ltr'><strong>potuit</strong></span> <span class='ocrx_word' id='word_1_200' title='bbox 390 3987 443 4052; x_wconf 91' lang='lat' dir='ltr'><strong>illa</strong></span> <span class='ocrx_word' id='word_1_201' title='bbox 456 3987 608 4052; x_wconf 85' lang='lat' dir='ltr'><strong>emanatio</strong></span> <span class='ocrx_word' id='word_1_202' title='bbox 618 3986 684 4051; x_wconf 76' lang='lat' dir='ltr'><strong>lieri</strong></span> <span class='ocrx_word' id='word_1_203' title='bbox 698 3986 801 4051; x_wconf 89' lang='lat' dir='ltr'><strong>libere.</strong></span> <span class='ocrx_word' id='word_1_204' title='bbox 838 3985 921 4051; x_wconf 91' lang='lat' dir='ltr'><strong>Nam</strong></span> <span class='ocrx_word' id='word_1_205' title='bbox 935 3985 1059 4051; x_wconf 77' lang='lat' dir='ltr'><strong>libertas</strong></span> <span class='ocrx_word' id='word_1_206' title='bbox 1070 3986 1104 4049; x_wconf 91' lang='lat' dir='ltr'><strong>in</strong></span> <span class='ocrx_word' id='word_1_207' title='bbox 1119 3994 1189 4051; x_wconf 91' lang='lat' dir='ltr'><strong>ente</strong></span> <span class='ocrx_word' id='word_1_208' title='bbox 1203 3971 1381 4069; x_wconf 68' lang='lat' dir='ltr'><strong>benesssriu</strong></span> 
     </span>
     <span class='ocr_line' id='line_1_29' title="bbox 279 4097 1382 4188; baseline -0.001 -23"><span class='ocrx_word' id='word_1_209' title='bbox 279 4100 368 4187; x_wconf 91' lang='lat' dir='ltr'><strong>quale</strong></span> <span class='ocrx_word' id='word_1_210' title='bbox 392 4107 440 4164; x_wconf 87' lang='lat' dir='ltr'><strong>est</strong></span> <span class='ocrx_word' id='word_1_211' title='bbox 465 4097 560 4178; x_wconf 89' lang='lat' dir='ltr'><strong>Deus,</strong></span> <span class='ocrx_word' id='word_1_212' title='bbox 583 4119 646 4162; x_wconf 89' lang='lat' dir='ltr'><strong>uon</strong></span> <span class='ocrx_word' id='word_1_213' title='bbox 675 4099 789 4182; x_wconf 85' lang='lat' dir='ltr'><strong>potest</strong></span> <span class='ocrx_word' id='word_1_214' title='bbox 806 4097 950 4188; x_wconf 86' lang='lat' dir='ltr'><strong>inducere</strong></span> <span class='ocrx_word' id='word_1_215' title='bbox 978 4097 1180 4162; x_wconf 88' lang='lat' dir='ltr'><strong>mutationem</strong></span> <span class='ocrx_word' id='word_1_216' title='bbox 1206 4100 1284 4163; x_wconf 88' lang='lat' dir='ltr'><strong>circa</strong></span> <span class='ocrx_word' id='word_1_217' title='bbox 1310 4100 1382 4164; x_wconf 64' lang='lat' dir='ltr'><strong>sub:</strong></span> 
     </span>
     <span class='ocr_line' id='line_1_30' title="bbox 280 4209 1383 4296; baseline -0.001 -18"><span class='ocrx_word' id='word_1_218' title='bbox 280 4211 441 4278; x_wconf 86' lang='lat' dir='ltr'><strong>stantiam:</strong></span> <span class='ocrx_word' id='word_1_219' title='bbox 476 4212 562 4296; x_wconf 87' lang='lat' dir='ltr'><strong>atqui</strong></span> <span class='ocrx_word' id='word_1_220' title='bbox 591 4210 618 4274; x_wconf 87' lang='lat' dir='ltr'><strong>si</strong></span> <span class='ocrx_word' id='word_1_221' title='bbox 646 4209 782 4274; x_wconf 84' lang='lat' dir='ltr'><strong>mundus</strong></span> <span class='ocrx_word' id='word_1_222' title='bbox 811 4217 858 4274; x_wconf 89' lang='lat' dir='ltr'><strong>est</strong></span> <span class='ocrx_word' id='word_1_223' title='bbox 887 4209 1039 4274; x_wconf 87' lang='lat' dir='ltr'><strong>emanatio</strong></span> <span class='ocrx_word' id='word_1_224' title='bbox 1065 4209 1175 4276; x_wconf 83' lang='lat' dir='ltr'><strong>divinae</strong></span> <span class='ocrx_word' id='word_1_225' title='bbox 1204 4211 1383 4277; x_wconf 75' lang='lat' dir='ltr'><strong>substantia</strong></span> 
     </span>
     <span class='ocr_line' id='line_1_31' title="bbox 277 4303 1380 4402; baseline -0.001 -12"><span class='ocrx_word' id='word_1_226' title='bbox 277 4325 371 4391; x_wconf 68' lang='lat' dir='ltr'><strong>rasere</strong></span> <span class='ocrx_word' id='word_1_227' title='bbox 395 4303 637 4402; x_wconf 55' lang='lat' dir='ltr'><strong>facturusue</strong></span> <span class='ocrx_word' id='word_1_228' title='bbox 660 4321 791 4388; x_wconf 74' lang='lat' dir='ltr'><strong>indunt·</strong></span> <span class='ocrx_word' id='word_1_229' title='bbox 808 4322 1008 4387; x_wconf 70' lang='lat' dir='ltr'><strong>mutasonem</strong></span> <span class='ocrx_word' id='word_1_230' title='bbox 1038 4322 1117 4388; x_wconf 74' lang='lat' dir='ltr'><strong>aaa</strong></span> <span class='ocrx_word' id='word_1_231' title='bbox 1147 4322 1286 4388; x_wconf 70' lang='lat' dir='ltr'><strong>nonam</strong></span> <span class='ocrx_word' id='word_1_232' title='bbox 1308 4324 1380 4389; x_wconf 68' lang='lat' dir='ltr'><strong>aaa.</strong></span> 
     </span>
    </p>
   </div>
   <div class='ocr_carea' id='block_1_9' title="bbox 0 0 1626 4986">
    <p class='ocr_par' dir='ltr' id='par_1_10' title="bbox 0 0 1626 4986">
     <span class='ocr_line' id='line_1_32' title="bbox 0 0 1626 4986; baseline 0 0"><span class='ocrx_word' id='word_1_233' title='bbox 0 0 1626 4986; x_wconf 95' lang='lat' dir='ltr'><strong> </strong></span> 
     </span>
    </p>
   </div>
  </div>
 </body>
</html>
