3186 4982
213 402 285 446 voa.
305 382 359 467 5.]
542 405 701 449 aurnuns
717 406 757 448 51
773 406 990 460 annuorum,
1252 386 1315 448 261

212 567 259 620 sed
267 566 320 621 hoc
327 566 485 637 5511155551
498 584 599 639 sensus,
608 569 653 626 val
661 570 751 642 potius
760 569 825 642 quia
830 570 986 625 intellectus
995 567 1139 641 aliquando
1149 565 1316 641 accipitruin

210 653 339 708 strictiori
351 671 431 708 sensu
442 660 474 709 ut
485 659 527 710 est
535 654 737 726 universalium,
745 662 774 711 51
784 663 818 712 51
828 675 845 711 a
856 657 985 712 facultate
997 656 1084 730 primo
1096 653 1315 728 apprehendendi

208 739 362 794 distinctus
398 740 437 794 Et
448 747 557 814 propter
568 742 621 798 hoc
633 743 680 815 qui
691 749 797 815 ponunt
814 743 956 798 materiam
969 760 1027 798 essa
1038 741 1201 816 principium
1212 740 1315 795 indivi-

210 826 355 896 duationis,
364 826 461 883 dicunt
471 827 613 884 materiam
625 829 756 903 impedire
764 831 942 896 intellectum,
953 831 1018 902 quia
1029 829 1145 903 impedit
1155 827 1315 895 universale,

209 930 293 985 quum
305 914 455 970 universale
467 915 505 971 sit
515 934 583 989 pura
594 915 687 987 forma,
697 918 741 972 vel
753 917 877 972 exactius
888 935 956 991 pura
968 916 1126 973 formalitas.
1164 916 1219 970 Sed
1231 913 1315 970 etiam

210 1001 261 1055 hoc

244 1089 598 1186 Ρ59.164.11“5.21.115551
624 1089 678 1146 5151
702 1089 888 1163 passivitatem
908 1090 1074 1164 receptivam
1097 1093 1188 1188 55155
1211 1086 1312 1154 localis,

209 1174 311 1243 corrr'ye
322 1174 379 1246 agit
390 1175 425 1230 ad
437 1175 516 1245 intra,

244 1260 370 1316 15515.
384 1262 427 1332 24,
440 1262 482 1316 25.
501 1280 556 1316 555
577 1264 732 1320 5511155515
751 1269 857 1320 motum
877 1264 1008 1336 localem3
1041 1263 1159 1338 primum
1178 1261 1251 1318 euim
1271 1265 1314 1316 est

209 1363 295 1418 egere,
307 1349 455 1403 secuudum
467 1351 593 1422 estpcti3
613 1352 766 1422 5551195551
777 1369 856 1424 agere
868 1352 902 1407 ad
914 1351 1002 1422 intra;

244 1434 311 1503 Pap.
326 1435 442 1490 165115.
457 1436 535 1491 2-15.
554 1438 781 1509 apprehendendi.
826 1437 959 1492 Nam...
974 1436 1178 1510 .recipiendum
1198 1440 1311 1490 motum.

209 1521 310 1618 carice
331 1521 557 1594 apprehendendi,
570 1527 598 1577 at
610 1523 652 1578 vis
661 1524 848 1596 imaginativa,
861 1541 921 1596 quae
931 1529 1057 1596 operetur
1067 1523 1102 1578 ad
1113 1522 1216 1578 intra
1193 1539 1313 1577 51155155

208 1606 296 1678 primo
308 1609 493 1681 apprehensas.
538 1608 598 1663 Mat
586 1609 654 1664 teria
665 1611 747 1680 enim,
760 1611 876 1682 utpote
862 1628 947 1681 euers,
959 1610 1055 1684 nequit
1071 1609 1107 1664 ad
1117 1609 1189 1664 intra
1200 1605 1310 1679 operari

245 1695 310 1749 leid.
324 1695 367 1748 115
383 1695 424 1749 18.
443 1694 596 1765 1515111155,
610 1698 712 1766 emerge
723 1697 931 1768 cognoscitivus,

245 1782 310 1850 Pop.
325 1780 384 1835 199.
398 1782 443 1835 115.
457 1782 481 1835 2.
492 1781 664 1854 intelligibile
672 1802 679 1850 3
693 1783 794 1837 addest
803 1783 868 1837 dum
876 1781 1312 1855 causatirnpreesicneminsensu,

207 1867 259 1922 hcc
271 1867 330 1940 ipso
342 1868 469 1924 admonet
480 1868 564 1923 etiarn
575 1868 744 1924 intellectum
755 1870 789 1924 de
801 1869 953 1938 existentia,
963 1869 1107 1942 praesentia
1117 1874 1147 1924 51
1154 1866 1312 1924 carnalitate

209 1973 266 2023 sua,
279 1973 363 2027 quum
376 1957 405 2010 in
417 1956 527 2011 homine
539 1974 627 2010 unum
638 1957 676 2011 511
686 1956 852 2030 principium
861 1957 995 2012 sentiendi
1007 1962 1035 2011 51
1046 1954 1231 2028 intelligendi:

245 2044 311 2114 Psy.
324 2044 384 2098 202.
398 2045 443 2098 lia
456 2045 496 2098 15.
516 2044 684 2101 5515515155
695 2050 728 2099 51
740 2045 841 2116 werbe
852 2044 1017 2101 obiectorum

246 2132 311 2200 Pap.
325 2131 384 2186 203.
398 2131 552 2186 11525-28.
567 2149 623 2186 555
643 2137 754 2187 15555.
769 2173 776 2188 .
790 2173 796 2186 .
810 2173 816 2186 .
830 2131 993 2205 praescindit.
1014 2129 1313 2202 5551955151515551

211 2233 258 2271 555
269 2233 335 2288 pure
346 2217 473 2289 logicum.

246 2303 312 2372 Pac.
325 2302 384 2357 204.
398 2304 442 2357 lia.
458 2303 499 2357 18.
518 2304 685 2376 negativum.
707 2306 786 2358 Adde
802 2311 892 2359 551551
909 2311 1070 2377 sequentem:
1098 2304 1208 2377 Negant
1227 2303 1312 2375 aliqui

211 2388 411 2462 perceptionem
422 2389 618 2446 convenientia
631 2398 680 2446 551
691 2391 931 2448 disconvenientia
939 2391 1058 2447 sufficere
1067 2391 1101 2446 ad
1108 2391 1313 2446 affirmationem

210 2481 258 2530 aut
269 2476 447 2548 negationem.
478 2477 509 2532 P.
523 2477 671 2550 Tongiorgi
684 2479 789 2552 (psyoh.
799 2497 826 2532 5.
839 2479 891 2534 477
904 2485 931 2532 51
943 2477 1031 2551 seqq.)
1041 2478 1135 2532 multis
1148 2478 1314 2550 argumentis

211 2563 297 2618 utitur
308 2564 343 2618 ad
354 2563 521 2637 probandum
533 2573 624 2620 meatu
637 2565 764 2620 1551151515
782 2586 833 2621 555
848 2585 900 2622 esec
911 2567 991 2621 511551
1002 2567 1031 2620 15
1043 2566 1242 2637 apprehensione
1253 2584 1313 2618 555-

182 2685 186 2690 -
210 2651 343 2706 55155115
353 2653 393 2707 vel
403 2652 581 2722 ds'screpcnts'e
592 2652 660 2708 inter
672 2653 749 2708 adeas.
783 2653 894 2708 Horum
907 2653 1071 2708 solutionem
1083 2652 1256 2708 indicandam
1267 2652 1314 2707 hic

211 2737 328 2793 breviter
340 2755 442 2794 555555.
955 2733 957 2736 ’
1064 2805 1069 2814 ,

245 2823 632 2880 Ρ11555155155ο55111515.
669 2825 805 2881 Motivum
824 2831 901 2881 actus
922 2826 1012 2881 differt
1029 2825 1063 2881 ab
1080 2831 1144 2881 actu
1163 2825 1239 2899 ipso:
1266 2826 1314 2880 sed

210 2910 387 2982 apprehensio
406 2911 601 2966 convenientia
622 2913 668 2968 vel
687 2912 873 2986 repugnantias
898 2919 939 2968 ast
963 2913 1098 2969 motivum
1121 2919 1211 2968 actus:
1241 2931 1312 2984 ergo.

210 2995 290 3050 Prob.
300 2995 382 3066 min3
393 2996 488 3051 namsi
497 2998 704 3069 quaeriturate:
719 2999 775 3054 Cur
783 3001 838 3054 tale
845 3000 977 3055 iudicium
986 2999 1108 3073 profers?
1126 2998 1313 3072 respondebis:

211 3082 284 3148 Quia
296 3083 335 3137 sic
346 3100 389 3138 res
400 3082 469 3158 mihi
482 3084 541 3139 visa
552 3091 600 3139 est.

163 3233 172 3252 .
245 3170 406 3243 Respondeo
427 3190 447 3225 5.
460 3171 501 3226 Μ.
521 3173 682 3243 5.151“5.,5(1
699 3174 803 3246 probat
815 3174 876 3231 dico
888 3193 997 3230 sensum
1008 3175 1227 3248 interrogationis
1239 3193 1313 3230 esse:

212 3259 267 3312 515
277 3259 315 3312 ita
327 3257 458 3329 loqueris?
485 3259 576 3330 quobus
586 3260 731 3315 5511555555
744 3268 830 3316 motata
842 3263 887 3316 es?
915 3269 942 3318 et
959 3280 1052 3317 sensus
1064 3263 1243 3335 responsionis
1255 3269 1312 3317 est:

211 3345 283 3405 Quia
294 3345 461 3415 5515515551,
474 3346 536 3418 quia
548 3347 628 3401 haheo
645 3348 809 3402 mittentium.
853 3349 910 3404 Ubi
931 3354 1049 3418 notetur,
1062 3349 1147 3402 talem
1164 3349 1313 3420 iuterroga-

208 3431 312 3485 tionem
323 3449 378 3486 555
389 3431 488 3486 1155515
500 3432 598 3501 locum,
608 3433 661 3488 nisi
671 3435 779 3507 quando
787 3435 879 3507 agitur
890 3435 924 3490 de
931 3435 1039 3490 iudiciis
1047 3437 1179 3491 deductis.
1208 3436 1315 3490 Dicitur

210 3522 302 3571 autem
313 3519 397 3572 videri
406 3518 498 3573 551511
510 3518 652 3590 modestia,
662 3527 690 3574 51
701 3521 736 3576 ad
748 3521 955 3595 exprimendum
966 3539 1075 3577 sensum
1087 3524 1201 3596 propriae
1213 3522 1315 3578 fallibi·

210 3603 305 3657 litatis.

246 3688 370 3744 Secunda
381 3690 457 3745 ratio.
494 3693 682 3765 Apprahensio
691 3695 890 3768 consequentiae
903 3713 920 3751 a
931 3697 1104 3752 conclusione
1116 3665 1213 3780 11111511,
1221 3703 1250 3752 51
1261 3717 1315 3752 555

210 3780 253 3832 551
262 3774 394 3830 iudicium
406 3777 454 3832 sad
465 3777 560 3833 iudicii
572 3797 659 3835 55555.
697 3781 752 3837 Sed
764 3777 942 3856 apprehensio
954 3784 1153 3855 consequentiae
1166 3773 1207 3839 est
1219 3801 1315 3857 appre-

211 3862 307 3917 hensio
325 3863 520 3919 convenientiae
539 3867 583 3920 vel
594 3867 782 3940 discrepantiae
795 3871 868 3924 inter
879 3870 1059 3925 conclusionis
1071 3871 1207 3926 terminos.
1244 3871 1317 3944 Ergo

210 3948 301 4020 aliqua
313 3949 488 4021 apprehensio
500 3953 694 4008 convenientiae
707 3960 736 4009 51
747 3955 932 4029 discrepantiae
944 3976 999 4011 555
1012 3962 1054 4011 551
1065 3957 1203 4012 iudicium.

246 4035 406 4108 Respondeo
419 4037 475 4090 dest
490 4038 531 4092 M.
541 4039 570 4091 in
583 4045 713 4112 conceptu
725 4041 813 4113 logico
825 4062 846 4097 c.
859 4043 911 4111 M„
921 4043 951 4097 in
962 4061 991 4097 re
1003 4063 1029 4098 5.
1040 4044 1081 4097 Μ.
1093 4048 1122 4098 51
1133 4045 1190 4098 aaa.
1204 4044 1268 4098 555.
1277 4051 1318 4100 551

212 4122 390 4196 apprehensio
408 4123 546 4179 mediante
564 4125 645 4180 tertio
657 4145 679 4182 c.
692 4129 765 4197 mira,
777 4129 937 4186 immediata
956 4149 981 4184 5.
1001 4131 1062 4184 min.
1081 4136 1109 4184 et
1124 4133 1239 4185 contrad.
1250 4150 1321 4202 cons,

212 4227 277 4279 nego
288 4209 499 4280 cemequents'am.
544 4209 686 4283 Perceptio
698 4215 897 4286 consequentias
911 4221 952 4270 est
969 4215 1105 4289 perceptio
1123 4216 1317 4270 convenientiae

213 4297 329 4351 duorum
341 4295 413 4350 inter
431 4313 459 4350 se
480 4295 592 4352 obtenta
607 4315 656 4370 per
673 4301 903 4373 comparationem
925 4320 1017 4356 eorum
1035 4319 1098 4357 cum
1115 4303 1212 4357 tertio:
1240 4310 1267 4357 et
1280 4303 1319 4357 sic

213 4383 304 4438 differt
315 4401 332 4437 a
343 4382 461 4456 simplici
473 4383 581 4454 iudicio,
591 4402 644 4457 quo
657 4386 710 4441 duo
724 4387 881 4444 immediate
892 4389 1036 4444 convenire
1048 4389 1237 4461 percipiuntur.
1264 4389 1319 4443 Sed
