3212 4986
281 312 322 376 ³2
768 335 809 378 on
828 335 900 377 nno.
1258 313 1341 396 [oar.
1360 331 1381 374 ι.

326 499 509 585 Respondeo
520 501 588 566 dr'st.
606 501 654 564 M.
671 511 745 565 sunt
760 518 857 563 unum
879 497 1068 564 substantive
1083 505 1114 561 et
1138 496 1225 581 plura
1240 497 1383 560 termina·

281 609 342 674 tive
353 634 379 675 c.
390 612 450 690 M,
463 619 536 676 sunt
551 634 649 675 unum
665 619 695 675 et
711 610 800 696 plura
814 609 1004 674 substantive
1018 631 1046 672 n.
1061 609 1109 672 M.
1125 615 1155 672 et
1170 608 1301 672 contrad.
1313 609 1383 670 min.

280 742 310 784 n.
326 743 403 786 corre.
449 721 563 786 Divina
578 723 710 786 essentia
724 744 786 786 non
802 721 1006 805 componitur,
1019 719 1073 784 sed
1088 719 1270 783 terminatur
1286 718 1383 783 tribus

280 831 470 896 realitatibur
482 832 623 912 relativis,
636 855 706 898 curn
723 832 835 917 quibus
851 831 975 896 seorsim
992 830 1124 916 sumptis
1137 829 1256 894 realiter
1271 829 1383 893 inadae·

280 951 372 1027 quate
394 944 608 1024 identificatur,
625 955 659 1008 nt
674 944 792 1009 dictum
807 953 863 1022 est,
880 951 995 1008 etcum
1018 941 1131 1027 quibus
1146 965 1208 1006 non
1225 941 1298 1005 facit
1313 941 1381 1018 tria,

280 1055 334 1118 sed
360 1079 457 1120 nnnm
481 1056 641 1140 tripliciter
661 1055 871 1120 terminatum.
920 1054 979 1134 Sic,
996 1054 1022 1118 si
1045 1055 1135 1118 detur
1157 1075 1225 1117 area
1245 1052 1382 1136 triangu-

278 1167 361 1246 laris,
374 1167 544 1232 necessario
558 1166 774 1233 terminabitur
788 1167 889 1231 tribur
904 1165 1182 1242 terminationibus,
1194 1187 1247 1228 sen
1262 1163 1383 1247 angulis

279 1277 399 1341 realiter
422 1277 594 1342 distinctis:
617 1285 772 1340 ettamen
794 1277 851 1340 erit
873 1299 936 1340 una
958 1299 1027 1340 area
1045 1274 1250 1359 triangularis,
1267 1283 1297 1337 et
1320 1274 1381 1336 sin·

278 1388 345 1472 guli
360 1388 466 1472 anguli
481 1386 752 1452 identificabuntur
767 1411 836 1452 cum
853 1387 904 1450 illa
919 1410 987 1451 area
1002 1386 1192 1471 inadaequatc
1206 1389 1282 1469 (non
1299 1385 1381 1448 enim

278 1499 392 1564 habent
408 1498 492 1562 aliud
514 1522 588 1578 esso,
604 1522 696 1583 quam
719 1521 784 1563 esse
799 1497 913 1581 illius):
938 1497 1105 1562 manebunt
1121 1507 1224 1561 tamen
1245 1495 1382 1560 distincti

278 1610 358 1675 inter
384 1635 415 1675 se
437 1621 562 1696 propter
585 1619 724 1674 mutuam
749 1611 983 1696 oppositionem.
1030 1610 1178 1674 Similiter
1199 1609 1327 1692 longum
1351 1617 1381 1671 et

278 1721 375 1786 latum
402 1731 433 1786 et
456 1721 644 1806 profundum
671 1722 899 1786 identificantur
922 1744 994 1786 cum
1019 1721 1127 1800 solido,
1150 1721 1220 1784 licet
1250 1721 1311 1783 sint
1336 1719 1380 1783 di-

279 1834 398 1898 stinctae
413 1844 444 1896 et
458 1833 552 1897 reales
568 1834 657 1898 solidi
669 1834 891 1898 dimensiones:
915 1842 1061 1897 ettamen
1077 1833 1174 1896 dicere
1190 1832 1272 1916 quod
1284 1854 1380 1912 unum

278 1958 309 2008 et
330 1944 410 2008 idem
427 1944 558 2008 solidum
578 1946 617 2008 ιιι
635 1945 774 2030 longum,
791 1944 831 2008 sit
850 1945 959 2022 latum,
976 1943 1016 2007 sit
1036 1943 1236 2028 profundum,
1252 1965 1314 2007 non
1336 1951 1381 2006 est

279 2056 377 2119 dicere
400 2057 458 2120 tria
482 2055 630 2135 absolute,
652 2057 704 2120 sed
727 2079 825 2120 unum
849 2055 987 2120 absolute
1010 2055 1068 2118 sub
1095 2055 1221 2119 diversis
1246 2055 1380 2118 formali·

279 2167 393 2231 tatibus
408 2167 542 2232 relativis
553 2168 777 2232 consideratum
792 2192 800 2231 r
823 2190 879 2231 nec
893 2175 940 2230 est
956 2167 1054 2230 dicere
1068 2189 1167 2230 unum
1179 2167 1380 2250 compositum

278 2301 315 2342 ex
336 2278 440 2362 longo,
454 2279 518 2343 lato
540 2289 570 2342 et
593 2279 755 2364 profund0,
771 2279 844 2363 qnia
864 2278 1004 2362 longum,
1019 2277 1116 2342 latum
1137 2287 1168 2341 et
1193 2277 1379 2362 profundum

279 2399 351 2453 sunt
366 2389 463 2469 lineae,
477 2400 506 2454 et
522 2390 653 2454 solidum
670 2412 733 2454 non
743 2390 936 2474 componitur
951 2413 986 2452 ex
1001 2388 1100 2452 lineis.
1147 2387 1217 2466 Sed,
1231 2388 1381 2473 quidquid

278 2501 318 2563 sit
345 2502 381 2566 de
404 2502 453 2565 his
473 2502 738 2580 similitudinibus,
759 2502 893 2567 certain
907 2500 976 2564 Deo
999 2501 1142 2564 entitatos
1164 2500 1297 2564 relativae
1318 2523 1381 2564 non

278 2620 477 2696 componunt,
499 2612 552 2675 sed
576 2612 742 2676 terminant
761 2635 855 2676 unam
878 2613 1037 2676 entitatem
1062 2611 1241 2692 absolutam,
1265 2622 1296 2676 et
1318 2635 1380 2675 non

278 2731 504 2806 componuntur
526 2724 607 2787 inter
633 2747 674 2803 se,
697 2724 769 2808 quia
789 2724 993 2802 relativorum,
1017 2733 1052 2788 ut
1077 2724 1129 2802 sic,
1152 2724 1310 2808 proprium
1334 2733 1380 2787 est

278 2833 391 2912 referri,
407 2857 470 2898 non
485 2834 627 2919 componi
641 2858 711 2899 curn
726 2835 920 2900 correlativis.
1134 2919 1138 2926 1

321 2945 459 3008 lactabis.
484 2946 522 3008 ln
533 2945 641 3029 angelo
657 2955 702 3009 est
715 2947 883 3010 similitudo
893 2946 1030 3010 Unitatis
1044 2955 1075 3010 et
1085 2945 1244 3010 Trinitatis
1260 2945 1378 3011 divinar.

280 3055 341 3118 Sed
366 3055 399 3119 in
419 3056 529 3139 angelo
549 3065 595 3120 est
616 3059 794 3143 compositio
813 3059 1021 3144 metaphysica
1043 3083 1079 3123 ex
1098 3068 1179 3137 actu,
1196 3058 1327 3123 termino
1349 3068 1380 3122 et

278 3167 499 3251 complemento
514 3167 684 3253 utriusque.
729 3169 813 3253 Ergo
828 3170 919 3233 etiam
936 3170 967 3232 in
983 3169 1061 3234 Deo.

321 3278 513 3362 Respondeo,
526 3279 558 3342 in
573 3281 631 3343 hoc
645 3281 783 3364 exemplo
797 3280 896 3345 afferri
912 3281 1145 3345 similitudinem
1159 3279 1378 3365 imperfectam,

277 3413 340 3455 non
360 3391 542 3475 paritatem;
565 3415 637 3456 nam
657 3393 688 3455 in
711 3393 829 3478 angelo,
846 3395 900 3478 qui
920 3403 966 3458 est
989 3402 1075 3458 actus
1097 3395 1214 3473 finitus,
1230 3393 1379 3458 aetui‘re.

277 3502 407 3585 spondet
423 3503 572 3566 terminus
590 3503 705 3582 finitus,
722 3504 775 3588 qui
791 3505 929 3588 quamvis
953 3505 993 3568 sit
1008 3505 1136 3569 actualis
1151 3505 1286 3589 cognitio
1301 3505 1379 3568 enti·
1470 3514 1475 3522 ’

276 3615 349 3677 tatis
374 3614 528 3697 angelicae,
553 3624 599 3678 est
623 3625 726 3678 tamen
755 3615 787 3677 in
818 3616 955 3699 potentia
984 3617 1024 3680 ad
1046 3616 1235 3702 recipiendas
1265 3617 1379 3701 species
1459 3653 1462 3659 ·

277 3725 466 3788 infinitarum
489 3725 616 3789 aliarum
639 3726 823 3789 entitatum:
847 3734 878 3790 et
896 3729 939 3790 sic
961 3736 1047 3791 actus
1070 3736 1101 3792 et
1115 3727 1266 3792 terminus
1288 3727 1378 3792 intel-

276 3835 403 3899 lectivus
426 3836 459 3900 in
485 3836 594 3920 angelo
617 3836 762 3899 dicuntur
785 3844 871 3900 actus
897 3847 928 3901 et
950 3839 1104 3921 potentia:
1128 3847 1214 3903 actus
1236 3848 1379 3902 autema

276 3947 414 4031 potentia
446 3947 568 4011 realiter
603 3945 804 4030 distinguitur
839 3948 1054 4034 metaphysica,
1086 3960 1242 4034 tamquam
1277 3973 1331 4013 ens
1360 3972 1379 4012 a

275 4057 408 4142 quodam
432 4079 495 4121 non
510 4068 589 4135 ente,
605 4057 637 4120 id
655 4067 701 4121 est
723 4061 864 4142 repetire,
911 4059 1059 4123 Similiter
1076 4060 1220 4124 ultimum
1243 4061 1376 4145 comple·

274 4177 415 4232 mentum
442 4168 620 4232 substantiae
645 4168 789 4251 angelicae
815 4177 861 4234 est
887 4171 1062 4253 potentiale,
1083 4171 1156 4255 quia
1179 4172 1315 4256 procedit
1341 4194 1378 4235 ex

274 4278 448 4361 cognitione
471 4278 519 4342 sui
538 4301 603 4342 esse
618 4279 708 4357 liniti,
725 4280 807 4364 quod
823 4290 869 4344 est
891 4281 1007 4345 bonum
1022 4281 1156 4361 finitum,
1172 4293 1203 4346 et
1219 4282 1261 4347 sic
1283 4293 1376 4368 prout
