3212 4986
232 391 300 435 cnr.
318 369 358 456 1.]
718 395 760 437 nn
777 395 852 438 ono.
1298 376 1335 436 ll

230 555 288 622 hoc
314 567 394 624 recte
417 559 477 624 dici
502 568 614 646 potest,
635 582 691 626 nec
714 562 882 647 quidquam
907 561 1112 646 ontologismo
1137 561 1332 645 suffragatur.

233 669 295 747 Qui
317 679 419 736 autem
441 671 560 751 dicunt,
574 670 696 738 easdem
717 675 859 739 veritates
879 696 945 738 esse
959 675 1096 738 obiectioc
1118 681 1256 751 aeternas,
1271 691 1334 734 non

233 781 376 847 videntur
391 784 465 848 satis
485 793 624 850 accurate
643 785 737 870 loqui,
754 787 826 871 quia
848 785 1011 865 obiectum,
1028 785 1059 848 in
1081 806 1141 870 quo
1163 782 1336 848 intellectus

233 903 338 959 noster
352 918 402 960 eas
416 896 549 961 rationes
557 919 642 961 veras
653 896 746 977 videt,
758 905 805 961 est
819 905 965 976 creatum,
977 918 1039 960 non
1055 904 1224 960 aeternum:
1247 915 1336 979 opor-

232 1013 310 1070 teret
336 1006 432 1091 igitur
454 1008 557 1092 potius
583 1007 691 1087 dicere,
717 1008 800 1092 quod
828 1006 981 1093 exemplar
1009 1006 1147 1071 divinum
1173 1006 1336 1071 veritatum

233 1114 459 1196 obieetivarum,
483 1138 559 1202 quas
580 1118 793 1203 intelligimus,
809 1125 856 1182 est
877 1127 1046 1182 aeternum:
1069 1117 1211 1182 veritates
1233 1124 1336 1181 autem

233 1227 308 1312 ipsae
322 1234 395 1290 sunt
417 1230 554 1292 abiectior
579 1229 773 1314 temporales,
788 1238 819 1295 et
841 1252 904 1295 non
926 1228 987 1293 nisi
1009 1230 1141 1314 cepatice
1162 1235 1282 1292 aeternae
1303 1227 1336 1290 in

234 1359 328 1402 sensu
342 1338 500 1422 explicato.

278 1449 320 1514 Et
331 1450 395 1514 haec
405 1450 443 1514 de
453 1451 510 1515 istc
518 1451 685 1536 questione
694 1451 859 1516 sufficiant:
872 1450 1057 1517 obiectiones
1065 1471 1136 1515 vero
1145 1448 1291 1534 quasdam
1300 1471 1338 1513 ex

234 1560 303 1626 idea
317 1562 430 1626 infiniti
445 1561 622 1647 desumptas
633 1562 701 1628 vide
715 1562 795 1627 infra
809 1561 842 1626 in
857 1570 989 1627 tractatu
1004 1561 1042 1626 de
1056 1560 1177 1624 infinito
1191 1562 1234 1644 (n.
1245 1563 1336 1643 3-7).

277 1676 306 1737 8.
330 1673 501 1737 Existentia
514 1673 574 1737 Dei
595 1682 642 1738 est
656 1677 765 1739 veritus
781 1697 837 1758 per
856 1697 887 1738 ae
908 1683 979 1739 croto
1000 1674 1154 1738 secandum
1175 1695 1206 1736 se
1223 1672 1257 1735 in
1279 1671 1337 1736 hoc

233 1806 335 1863 sensu,
359 1784 443 1869 qnod
461 1785 660 1870 praedicatum
680 1785 847 1850 existentiae
868 1785 1037 1850 includitur
1054 1785 1088 1848 in
1108 1792 1258 1870 conceptu
1276 1783 1337 1848 Dei

234 1896 404 1962 essentiali:
427 1919 490 1960 non
513 1904 617 1960 tamen
635 1906 681 1961 est
701 1918 755 1981 per
772 1919 804 1961 se
821 1903 895 1960 nota
917 1899 1016 1981 quoad
1032 1920 1103 1976 nos3
1127 1896 1199 1983 quia
1220 1895 1337 1960 adhoc

234 2008 400 2092 requiritur
417 2029 478 2072 non
503 2007 601 2072 solum
620 2017 656 2073 ut
676 2008 865 2092 concipiatur
883 2031 947 2088 ens,
963 2008 1013 2072 cui
1035 2008 1194 2072 essentiale
1213 2007 1253 2072 sit
1275 2008 1337 2072 exi·

235 2126 324 2198 stere,
340 2117 393 2182 sed
408 2127 444 2181 nt
465 2127 675 2203 cognoscatur,
692 2128 873 2203 conceptum
889 2118 1039 2183 eiusmodi
1058 2118 1169 2183 habere
1182 2117 1336 2182 obiectum

234 2228 314 2292 reale
329 2229 379 2293 cni
400 2229 593 2314 respondeat.
639 2228 745 2306 Quum
767 2239 869 2293 autem
883 2230 942 2294 hoc
965 2229 1133 2294 secundum
1149 2231 1214 2292 sine
1235 2229 1337 2314 aliquo

234 2339 385 2404 ratiocinii
401 2363 461 2404 usu
475 2362 538 2404 non
558 2349 670 2427 pateat,
685 2340 754 2404 ideo
769 2340 928 2405 existentia
942 2340 1002 2404 Dei
1016 2361 1079 2403 non
1101 2347 1147 2403 est
1162 2339 1336 2404 immediate

233 2460 307 2516 nota
332 2452 433 2537 quoad
452 2474 518 2533 nos,
533 2452 565 2516 id
591 2463 638 2516 est
662 2473 724 2516 non
748 2452 914 2536 percipitur
935 2474 991 2537 per
1012 2451 1141 2536 primam
1164 2451 1335 2537 apprehen·

233 2562 349 2626 sionem
366 2563 414 2646 (ut
428 2561 519 2626 etiam
531 2563 671 2647 superius
685 2562 841 2646 diximus),
852 2562 906 2626 sed
921 2562 1073 2626 mediante
1088 2562 1205 2626 ratione
1220 2583 1333 2646 cogno-

233 2675 337 2738 scitur.
384 2673 465 2751 Quia
479 2683 582 2738 tamen
604 2696 668 2737 non
683 2682 729 2738 est
744 2695 821 2757 opus
835 2672 928 2756 longa
949 2693 1006 2737 nec
1021 2672 1161 2737 abstruse
1175 2671 1335 2736 ratiocina-

233 2786 316 2850 tione
338 2785 379 2851 ad
401 2785 668 2850 demonstrandam
686 2783 746 2849 Dei
768 2785 970 2863 existentiam,
986 2782 1054 2848 ideo
1076 2784 1175 2848 solent
1197 2793 1335 2849 auctores

234 2896 343 2974 dicere,
373 2895 563 2960 existentiam
592 2896 652 2960 Dei
681 2917 747 2960 esse
781 2895 870 2959 nobis
899 2895 1074 2959 naturaliter
1103 2904 1221 2960 notam:
1253 2895 1337 2980 quod

234 3008 396 3092 significat,
411 3016 546 3072 mentem
564 3019 712 3085 nostram,
728 3007 851 3091 cognita
870 3005 1036 3070 multarum
1055 3028 1156 3070 rerum
1177 3006 1337 3070 existentia

233 3126 265 3182 et
279 3118 453 3183 earumdem
474 3117 694 3202 contingentia,
710 3139 746 3181 ex
767 3116 916 3202 principio
931 3116 1126 3197 ccusalitatis,
1141 3117 1224 3202 quod
1246 3126 1338 3181 natu·

233 3228 337 3296 ratur
362 3229 529 3314 cognoscit,
551 3229 632 3293 facili
657 3237 688 3293 et
714 3228 802 3294 obvio
827 3228 985 3292 ratiocinio
1010 3227 1122 3292 inferre
1145 3228 1336 3292 existentiam

233 3340 368 3407 alicuius
391 3340 483 3426 primi
519 3340 670 3425 principii,
699 3362 736 3404 ex
772 3363 835 3424 quo
863 3347 973 3404 cuneta
1001 3339 1220 3424 processerint:
1253 3338 1336 3424 quod

233 3453 366 3537 primum
392 3452 578 3537 principium
607 3474 750 3516 vocamus
778 3452 892 3515 Deum.¹
938 3451 1021 3515 Hinc
1050 3473 1156 3515 omnes
1185 3452 1335 3531 nationes,

233 3585 296 3628 non
320 3571 442 3628 tantum
472 3562 571 3642 cultae,
595 3563 649 3626 scd
677 3571 709 3627 et
737 3562 881 3640 barbarae,
907 3571 1115 3646 cognoverunt
1145 3561 1335 3626 existentiam

233 3675 362 3740 alicuius
384 3675 476 3761 primi
497 3675 648 3760 principii,
664 3674 735 3739 licet
757 3675 795 3738 de
810 3674 946 3738 eiusdem
968 3683 1078 3738 natura
1096 3681 1188 3758 atque
1205 3675 1336 3737 essentia

234 3786 443 3872 multipliciter
464 3785 636 3851 erraverint.
683 3784 789 3862 Quum
811 3785 892 3849 enim
913 3785 1052 3848 homines
1073 3784 1135 3848 sint
1157 3784 1338 3849 naturaliter

143 3969 147 3976 ¹
233 3897 443 3976 ratiocinativi,
459 3897 638 3961 naturaliter
659 3896 826 3961 trahuntur
840 3897 878 3960 ab
900 3896 1058 3961 effectibus
1073 3895 1154 3961 notis
1169 3896 1209 3960 ad
1230 3918 1337 3961 causas

232 4010 324 4074 etiam
346 4010 468 4094 ignotas
490 4008 696 4073 admittendas
719 4017 750 4074 et
772 4007 988 4094 inquirendas:
1012 4017 1043 4071 et
1063 4006 1206 4071 facillime
1231 4008 1337 4072 adver·

232 4129 315 4200 tunt,
331 4121 446 4205 aliquas
462 4142 567 4184 causas
589 4119 657 4184 aliis
675 4118 876 4199 subordinari,
887 4120 930 4183 ita
944 4127 980 4182 ut
995 4118 1035 4182 ad
1052 4118 1186 4204 aliquam
1205 4120 1336 4204 primam

233 4255 353 4298 canum
369 4232 494 4297 tandem
508 4231 748 4318 perveniendum
763 4231 815 4311 sit,
826 4253 895 4316 quae
910 4230 988 4295 nulli
1003 4230 1229 4297 subordinetur.
1276 4230 1337 4296 Sed

230 4344 311 4423 licet,
327 4345 475 4408 existente
489 4343 610 4421 effectu,
622 4341 812 4407 admittenda
827 4341 866 4404 sit
882 4340 1040 4405 existentia
1055 4363 1163 4421 causae,
1175 4363 1238 4406 non
1253 4350 1337 4426 patet
