3186 4982
219 397 292 443 cnr.
310 375 381 462 ιιι.]
593 398 699 443 runnx
715 396 950 444 curonocrcus.
977 371 981 379 ’
1256 376 1319 440 305

219 564 248 618 et
258 560 321 616 ideo
338 560 470 634 quamdiu
480 560 561 618 durat
577 559 736 632 substantia,
749 561 828 617 durat
840 561 898 617 eius
909 559 1092 617 camatiritaa
1128 559 1167 614 Et
1182 558 1229 615 hic
1240 559 1324 616 eti'am

219 648 370 704 notandum
382 648 507 720 estquod
519 665 601 720 agens
613 654 644 704 ut
655 665 737 721 agens
748 665 804 703 non
820 651 956 717 mutatum
982 647 1035 704 hcc
1049 645 1124 702 enim
1140 647 1241 702 thesim
1258 663 1323 704 con·

220 731 311 788 firmat
324 731 386 803 (VI.
399 749 426 788 ιι.
439 731 482 802 32,
494 732 552 804 33).

255 817 287 874 Si
303 823 396 874 tamen
414 823 511 890 agatur
527 819 562 874 de
584 817 735 874 substantia
750 817 906 891 composita,
919 817 995 874 cuius
1015 817 1141 874 activitas
1158 819 1272 875 resrdtat
1291 837 1325 874 ex

220 905 418 978 conspiratione
432 905 553 979 plurium
566 903 727 960 habentium
743 905 879 979 propriam
896 905 1072 976 activitstem,
1085 905 1225 962 evidenter
1235 910 1326 979 posset

220 991 320 1065 augeri
331 991 428 1062 minui,
439 997 488 1047 aut
499 992 749 1065 quomodocumque
766 991 903 1048 debilitari
920 992 979 1047 eius
995 993 1146 1049 causalitaa
1182 993 1255 1049 Nam
1262 1011 1325 1048 mu·

220 1080 286 1134 tatis
305 1078 514 1147 conditionibus,
535 1096 571 1133 ex
588 1077 688 1151 quibus
705 1077 840 1151 dependet
856 1077 998 1148 resultans,
1015 1079 1166 1135 mutabitur
1182 1081 1324 1136 resultem.

221 1165 375 1221 Manebunt
381 1171 474 1221 tamen
481 1166 595 1237 singule
604 1171 694 1239 partes
701 1165 892 1222 substantiales
898 1165 1033 1240 simplices
1041 1184 1104 1223 cmn
1111 1167 1218 1240 propria
1224 1168 1326 1224 vimute

221 1253 386 1310 immutabili
399 1253 465 1326 (111.
479 1271 505 1308 n
518 1254 562 1322 69,
575 1253 633 1325 70).

257 1340 300 1396 78.
318 1340 366 1395 Ad
388 1339 574 1396 causalitatem
600 1339 753 1396 effectivam
776 1345 919 1396 revocatur
941 1340 1086 1396 causalitas
1114 1341 1326 1399 tantammodo.

222 1426 439 1482 Instrumentum
450 1427 533 1482 estid
542 1427 618 1498 meod,
630 1433 733 1498 accepto
744 1433 817 1482 moa
828 1428 861 1482 ab
873 1433 971 1498 warte,
976 1429 1090 1499 propria
1098 1429 1197 1484 actione
1203 1431 1328 1501 portarit

222 1513 348 1586 qffectam.
384 1513 431 1569 Sic
442 1514 556 1568 malleus
567 1518 610 1568 est
621 1513 834 1568 instrumentum
845 1514 1021 1584 contusionis,
1034 1520 1063 1570 et
1076 1532 1148 1570 serra
1159 1517 1326 1572 corrosionis.

223 1600 438 1656 Instrumentum
455 1605 498 1656 est
514 1617 595 1656 causa
611 1599 736 1669 efficiens,
755 1601 804 1655 sed
822 1600 928 1674 indiget
947 1601 1077 1674 applicari
1096 1602 1130 1658 ab
1150 1603 1204 1657 alio
1223 1610 1327 1676 agents.

223 1687 386 1762 applicatur
398 1693 489 1744 autem
501 1705 549 1762 per
559 1688 764 1762 impressionem
774 1695 865 1744 motus
881 1689 911 1743 in
927 1688 1002 1761 ipso;
1028 1707 1094 1744 nam
1110 1690 1171 1746 hoec
1188 1691 1328 1764 impressio

224 1781 316 1830 motus
327 1781 419 1830 causat
436 1775 611 1831 velocitatem
622 1776 769 1848 quamdam
779 1775 989 1830 determinatam
999 1775 1029 1829 in
1040 1793 1129 1831 massa
1144 1777 1328 1847 instrumenti,

224 1879 280 1934 qua
289 1863 342 1918 hoc
352 1861 437 1918 lertm
447 1862 478 1918 in
488 1881 546 1918 rem
558 1880 575 1917 a
585 1881 615 1920 se
626 1863 829 1937 attingendam:
847 1866 877 1918 et
888 1862 927 1918 sic
933 1862 1019 1918 oritur
1026 1863 1176 1935 conflictus,
1188 1866 1217 1918 in
1226 1882 1331 1937 queres

225 1954 255 2005 et
264 1950 475 2006 instrumentum
487 1952 607 2023 propriis
623 1952 720 2007 aneu
731 1955 816 2023 agunt
827 1955 856 2006 et
865 1955 980 2024 reagunt
991 1954 1096 2020 mutuo,
1114 1969 1177 2007 cum
1188 1952 1330 2026 utriusque

226 2037 418 2094 immutatione
432 2037 495 2109 (IX.
509 2056 535 2093 n.
550 2038 592 2107 13,
606 2044 634 2093 et
645 2037 725 2093 VIII.
738 2055 766 2093 n.
778 2036 836 2109 40).

261 2125 345 2180 Actio
355 2123 519 2197 applicativa
529 2123 703 2180 instrumenti
714 2123 876 2180 terminatm
883 2122 918 2178 ad
929 2122 1020 2196 ipsum
1030 2122 1248 2194 instrumentum,
1258 2126 1332 2198 quod

226 2226 276 2282 per
292 2214 399 2263 motum
419 2213 557 2282 receptum
573 2209 683 2280 ponittu
698 2208 728 2263 in
748 2208 829 2264 certis
845 2207 1008 2281 quibusdam
1024 2207 1225 2266 conditionibus
1242 2211 1332 2283 quoad

227 2294 388 2352 exercitium
399 2311 509 2350 suarum
519 2295 636 2352 virium:
663 2293 775 2350 effectus
786 2311 850 2352 vero
868 2294 902 2350 ab
919 2294 1101 2350 instrumento
1111 2296 1258 2369 productus
1269 2315 1332 2371 pro·

229 2384 303 2440 cedit
313 2401 348 2438 ex
360 2383 419 2456 ipso
431 2383 611 2438 instrumento
622 2383 742 2455 effective,
755 2387 812 2438 eta
828 2387 956 2438 movente
972 2381 1232 2438 instrumentumut
1249 2403 1266 2440 a
1282 2403 1332 2459 po-

228 2474 311 2525 nente
323 2469 501 2524 necessariam
514 2469 705 2524 conditionem.
742 2468 799 2534 Qui
818 2471 912 2524 movet
921 2467 1133 2524 instrumentum
1143 2468 1245 2526 dicitur
1254 2489 1335 2527 ccmo

224 2556 387 2628 pampalia,
400 2556 549 2628 etquidem
560 2561 640 2626 recte,
650 2556 715 2628 quia
726 2573 761 2611 ex
772 2555 854 2611 modo
861 2554 989 2610 merendi
996 2554 1207 2611 instrumentum
1215 2558 1336 2631 pendent

229 2642 399 2700 conditiones
409 2641 557 2698 inferentes
573 2641 645 2698 hauc
656 2642 701 2697 rel
718 2641 796 2696 illam
812 2640 1028 2696 instrumentalis
1041 2641 1203 2714 operationis
1218 2643 1334 2701 intensi·

229 2737 316 2788 tatem
335 2736 364 2787 et
383 2735 578 2802 consequenter
595 2747 631 2786 ex
650 2731 731 2785 modo
748 2729 876 2786 movendi
894 2728 996 2812 pendet
1015 2729 1204 2787 determinatio
1221 2732 1334 2790 effectus

232 2817 326 2890 (VIII.
338 2835 365 2872 ιι.
377 2817 422 2887 40,
434 2817 485 2872 ΙΧ.
497 2835 524 2872 ιι.
539 2816 596 2883 13).
632 2816 706 2872 Male
717 2822 810 2872 tamen
822 2816 956 2872 diceretm
972 2833 1051 2871 omisa
1062 2818 1227 2890 principalis,
1239 2820 1263 2876 si
1275 2821 1336 2892 quis

231 2921 280 2977 por
289 2905 342 2960 hoc
353 2903 438 2960 vellet
450 2909 531 2958 totam
543 2903 689 2958 efficaciam
699 2902 816 2958 tribuere
827 2902 958 2973 moventi,
969 2907 999 2959 et
1008 2902 1220 2961 instrumentum
1231 2907 1338 2980 utquid

233 3007 307 3047 mere
319 2990 457 3063 passivum
469 3007 518 3044 sua
526 2990 684 3045 causalitate
695 2989 827 3046 efficiente
838 2989 951 3064 privare.

268 3077 312 3133 te.
330 3075 382 3130 Fst
399 3079 427 3130 et
443 3074 497 3131 alia
512 3077 660 3149 proprietas
679 3076 751 3132 entis
769 3093 804 3130 ex
819 3081 894 3149 parte
912 3079 996 3146 actis,
1007 3081 1037 3130 et
1054 3081 1096 3132 est
1111 3077 1210 3135 habere
1227 3083 1338 3152 quondo.

232 3163 317 3218 Actui
334 3161 504 3218 automnali
520 3163 664 3236 respondet
675 3165 778 3235 quando
790 3161 944 3218 absolutum
955 3169 984 3218 et
995 3163 1180 3237 intrinsecum,
1193 3168 1266 3240 quod
1283 3185 1339 3224 non

233 3257 276 3306 est
287 3249 411 3306 accidens
424 3249 488 3322 (VI.
500 3267 527 3304 n.
541 3250 581 3322 5).

268 3338 354 3395 Acturi
362 3337 524 3394 accidentali
530 3336 945 3411 respondetqacndorelativum,
955 3338 1000 3393 vel
1006 3339 1075 3394 ratio
1082 3340 1225 3413 peculiaris
1233 3342 1339 3400 essendi

232 3425 435 3482 accidentaliter
445 3429 555 3479 mutans
565 3425 670 3496 quando
681 3421 840 3478 substantiae
851 3424 914 3495 (VI.
923 3441 950 3479 n.
963 3425 1007 3495 40,
1019 3425 1076 3497 41).

269 3511 321 3567 Est
332 3517 424 3568 autem
433 3513 536 3584 quando
544 3510 677 3566 terminus
688 3509 855 3568 extrinsecus
862 3510 1011 3568 terminans
1021 3512 1221 3570 virtualitatcm
1228 3515 1339 3573 Divina

236 3599 397 3654 aternitatis
410 3598 476 3670 (ΠΙ
489 3616 516 3653 ιι.
526 3597 638 3670 30-38).

271 3684 316 3738 Ex
327 3685 431 3756 pando
441 3684 590 3757 accipiente
601 3684 736 3740 diversam
746 3683 881 3740 rationem
892 3685 998 3740 essendi
1011 3685 1096 3741 oritur
1106 3690 1222 3761 tempus,
1232 3690 1277 3746 rel
1288 3690 1340 3746 du·

235 3772 306 3828 ratic
317 3771 476 3843 successive,
487 3788 550 3845 quae
562 3777 605 3828 est
615 3771 723 3846 propria
734 3771 823 3828 omnis
834 3776 966 3828 creaturoe
979 3772 1046 3845 (III.
1058 3791 1085 3828 n.
1099 3775 1210 3848 3945).

618 3976 786 4018 amonius
803 3977 964 4020 aramenus.

538 4084 715 4157 Itopn'etotcs
725 4085 792 4140 ιιιιίι
802 4104 835 4140 ec
846 4091 927 4158 porte
938 4087 1049 4142 termt'm'.

273 4205 316 4264 80.
336 4205 451 4263 Oonstat
462 4223 498 4262 ex
509 4204 731 4279 precedentibus,
742 4207 891 4263 terminum
908 4206 1086 4264 intrInsccum
1097 4209 1168 4264 entis
1180 4227 1237 4266 esse
1249 4210 1278 4266 id
1290 4229 1344 4284 quc

238 4293 296 4350 eius
307 4299 385 4350 actus
395 4295 499 4369 primus
509 4294 654 4350 intrinsece
663 4293 832 4350 terminatum.
869 4294 925 4350 Hic
931 4295 1064 4350 terminus
1073 4295 1102 4350 in
1111 4297 1185 4351 omni
1193 4299 1344 4356 substantia

238 4387 327 4440 creata
346 4387 388 4437 est
408 4381 574 4455 potentialis,
592 4385 622 4439 et
638 4380 738 4438 dicitur
751 4381 875 4454 potamia
894 4381 973 4438 realta
987 4384 1103 4454 ραιιὶιια,
1115 4383 1160 4439 vel
1177 4383 1345 4453 subiicibilis,

288 4491 363 4538 von.
380 4492 436 4538 ιιι.
1147 4492 1168 4536 ¹
