3212 4986
273 339 316 400 24
757 356 798 398 ns
816 355 891 400 nno.
1243 331 1331 418 [car.
1348 351 1372 394 r.

274 514 391 600 Nequit
410 537 483 600 ergo
498 515 647 600 distingui
662 517 747 580 Deus
762 514 958 579 distinctione
972 513 1073 597 aliqua
1088 511 1160 576 reali
1175 535 1193 575 a
1207 510 1271 574 suis
1286 509 1372 574 attri-

158 689 161 696 .
272 626 365 691 butis.
412 628 452 691 Et
472 628 514 692 sie
533 629 614 692 inter
627 628 730 692 Deum
750 635 781 691 et
802 625 960 712 quodlibet
975 625 1034 688 Dei
1049 622 1231 688 attributum
1248 632 1294 687 est
1310 621 1373 686 sola

272 737 397 801 rationis
413 738 578 802 distinctio.
1188 742 1194 754 '

315 851 369 914 32.
392 847 622 934 Consequentur
650 849 797 914 attributa
822 848 934 926 diviua,
959 870 1011 911 sau
1039 845 1148 910 divinae
1173 843 1372 928 perfectiones

272 958 428 1037 absolutae,
444 982 507 1024 non
525 962 584 1024 nisi
599 962 725 1039 ratione,
740 961 832 1024 etiam
848 960 928 1024 inter
942 981 984 1038 se,
1000 958 1244 1041 distinguuntur.
1290 957 1372 1020 Nam

272 1092 339 1153 quae
354 1070 582 1136 identificantur
596 1072 714 1136 realiter
730 1072 785 1135 uni
800 1070 900 1150 tertio,
915 1069 1143 1134 identificantur
1158 1067 1278 1131 realiter
1292 1068 1372 1131 inter

272 1202 314 1244 se.
360 1181 493 1246 Realiter
503 1205 576 1266 crgo
591 1183 623 1246 in
635 1184 703 1247 Deo
718 1205 780 1247 non
796 1192 869 1246 sunt
884 1182 987 1266 plures
999 1180 1150 1244 distinctae
1161 1178 1371 1263 perfectiones,

272 1292 325 1356 sed
347 1315 410 1357 una
431 1294 585 1377 perfectio,
606 1317 697 1379 quam
720 1295 908 1379 concipimus
930 1293 987 1357 sub
1010 1291 1150 1376 pluribus
1171 1289 1371 1375 inadequatis

271 1404 478 1488 conceptibus,
512 1416 542 1468 et
580 1405 704 1470 diversis
740 1404 917 1470 nominibus
955 1404 1159 1490 designamus.
1203 1401 1371 1465 Distinctio

271 1515 396 1578 rationis
416 1515 496 1579 inter
518 1517 753 1580 immensitatem
769 1540 797 1582 v.
814 1541 859 1600 gr.
882 1525 913 1581 et
931 1516 1141 1593 aeternitatem,
1162 1514 1260 1578 oritur
1279 1535 1315 1576 ex
1334 1534 1370 1577 eo

269 1624 351 1708 quod
368 1626 606 1690 immensitatem
628 1626 796 1711 cogitamus
819 1636 976 1712 tamquam
998 1626 1031 1689 id
1046 1605 1171 1710 piopter
1184 1623 1267 1708 quod
1282 1624 1369 1688 Deus

269 1743 315 1798 est
330 1735 363 1798 in
378 1737 462 1800 omni
478 1737 613 1822 possibili
628 1736 704 1817 loco,
714 1739 913 1802 oeternitatem
929 1748 1084 1822 tamquam
1101 1735 1133 1800 id
1148 1744 1271 1821 propter
1286 1734 1369 1820 quod

269 1845 355 1910 Deus
365 1857 411 1911 est
420 1849 452 1911 in
463 1848 549 1912 omni
560 1849 697 1934 possibili
708 1849 866 1913 duratione
875 1858 933 1913 etc.
947 1875 953 1913 :
977 1858 1018 1928 et,
1029 1847 1194 1934 quialocus
1204 1855 1234 1910 et
1246 1857 1369 1931 tempus

269 1957 443 2040 significant
459 1959 612 2037 distincta,
627 1960 670 2038 id,
686 1981 748 2044 quo
762 1960 848 2024 Deus
863 1971 909 2024 est
924 1961 956 2024 in
977 1961 1061 2024 omni
1081 1959 1146 2024 loco
1168 1969 1199 2023 et
1219 1970 1367 2043 tempore,

268 2069 439 2152 concipitur
453 2094 471 2135 a
485 2070 573 2134 nobis
589 2073 646 2136 sub
659 2071 774 2154 duplici
788 2071 981 2150 formalitate,
992 2094 1121 2156 quarum
1131 2092 1193 2134 una
1204 2070 1367 2155 respondet

268 2178 343 2256 loco,
358 2182 452 2245 altera
470 2184 609 2267 tempori.
656 2183 705 2246 Ita
720 2183 919 2267 perfectiones
934 2182 1058 2262 diviuae,
1069 2192 1104 2246 ut
1119 2182 1334 2265 concipiuntur
1348 2204 1367 2246 a

267 2291 365 2371 nobis,
381 2296 433 2378 qui
456 2317 518 2358 non
534 2295 671 2358 videmus
694 2317 744 2358 eas
767 2303 801 2358 ut
824 2295 856 2356 in
880 2317 912 2357 se
935 2303 1017 2372 sunt,
1035 2315 1099 2356 non
1122 2302 1194 2357 sunt
1216 2293 1276 2356 nisi
1297 2315 1365 2377 per·

267 2402 412 2467 factiones
427 2405 552 2470 diverse
568 2407 693 2469 rationis
704 2429 740 2468 ex
755 2404 996 2470 consideratione
1008 2412 1212 2469 ereaturarum
1224 2405 1365 2487 cognitae,

268 2523 298 2576 et
320 2515 405 2577 omni
428 2513 526 2579 limite
548 2526 732 2600 expurgatae,
757 2517 923 2580 retinentes
945 2516 978 2580 in
1001 2525 1150 2600 conceptu
1172 2526 1277 2579 nostro
1298 2515 1366 2579 illas

267 2625 455 2689 diversitates
485 2627 648 2705 rationum,
675 2650 752 2712 quas
782 2628 814 2690 in
838 2629 983 2692 creaturis
1009 2628 1152 2704 vidimus,
1179 2636 1209 2692 et
1235 2651 1363 2712 quarum

266 2738 392 2800 nomina
412 2761 429 2801 a
449 2738 593 2801 creaturis
614 2737 804 2802 deduximus.
850 2740 910 2803 Sed
925 2739 1009 2802 Deus
1023 2763 1081 2823 per
1097 2762 1181 2803 mcum
1198 2762 1258 2804 ease
1272 2749 1318 2803 est
1332 2740 1366 2804 in

267 2846 351 2909 omni
366 2846 433 2910 loeo
448 2846 594 2931 possibili,
604 2871 661 2932 per
670 2871 754 2912 suum
764 2871 825 2912 esse
836 2858 882 2912 est
896 2850 928 2913 in
940 2850 1025 2912 omni
1037 2849 1206 2928 duratione,
1215 2873 1272 2934 per
1282 2874 1366 2914 suum

266 2978 327 3020 eoae
338 2966 384 3019 est
395 2957 606 3037 immutabilis,
617 2959 836 3044 independens,
849 2961 967 3045 sapiens
978 2968 1037 3024 etc.
1081 2961 1123 3024 Et
1134 2983 1188 3045 per
1199 2961 1256 3026 hoc
1269 2963 1366 3046 magis

267 3065 389 3132 evidens
404 3068 440 3131 fit
455 3068 631 3133 omnimoda
644 3067 703 3133 Dei
718 3069 904 3154 simplicitas.

643 3415 825 3460 numeneus
840 3416 989 3460 annulus.

628 3580 677 3641 De
691 3579 796 3641 divinis
809 3579 1008 3644 relationibus.
1069 3577 1073 3588 ’

312 3746 364 3807 33.
388 3743 556 3805 Entitatem
573 3741 633 3804 Dei
655 3742 823 3805 absolutam
847 3745 967 3808 relative
989 3744 1177 3808 considerare
1199 3753 1245 3808 est
1267 3768 1365 3810 unum

268 3856 449 3921 attributum
460 3855 519 3917 Dei
535 3876 605 3918 eum
621 3853 679 3917 alio
694 3876 877 3937 comparare,
893 3867 928 3918 ut
943 3856 1179 3918 immensitatem
1195 3879 1265 3920 cum
1280 3866 1366 3920 aeter·¹
1446 3847 1450 3854 ’

269 3968 374 4030 nitate.
420 3966 466 4028 Ex
481 3965 571 4028 dictis
586 3973 689 4028 autem
705 3965 852 4030 attributa
866 3966 925 4029 Dei
941 3965 1079 4030 absoluta
1099 3967 1217 4030 realiter
1235 3967 1366 4031 identifi-

268 4087 377 4142 cantur
392 4099 462 4139 eum
477 4074 579 4138 divina
595 4075 725 4139 essentia
740 4085 770 4138 et
786 4077 865 4139 inter
881 4099 931 4140 se:
955 4086 985 4140 et
1001 4078 1044 4140 sic
1059 4099 1121 4140 non
1138 4078 1311 4141 referuntur
1328 4078 1366 4141 ad

267 4189 396 4268 invicem
420 4195 455 4248 ut
477 4186 559 4249 aliud
582 4194 613 4249 et
636 4186 718 4249 aliud
741 4187 800 4250 nisi
824 4187 991 4250 secundum
1015 4188 1097 4272 quud
1120 4189 1368 4273 concipiuntura

267 4301 355 4363 nobis
371 4299 428 4362 sub
444 4298 568 4360 diversis
584 4299 780 4381 conceptibus
798 4299 935 4363 eamdem
955 4301 1075 4364 unicam
1097 4323 1160 4363 rem
1179 4300 1368 4384 inadaequate
