3212 4986
254 351 275 410 8
722 367 761 410 oa
779 366 852 410 oco.
1230 339 1313 423 [cir.
1333 358 1357 400 1.

256 531 354 612 solidi,
370 532 467 617 opaci,
487 540 518 596 et
540 530 698 597 cuiusdam
721 528 944 614 magnitudinis
959 535 989 592 et
1004 527 1120 611 figurae.
1164 524 1238 590 Idea
1253 532 1354 588 autem

256 645 391 728 corporis
413 644 455 707 sic
478 643 634 707 efformata
656 649 756 726 potest
770 663 840 706 vera
856 662 931 719 esse,
946 639 1065 704 etiamsi
1086 636 1164 701 nihil
1186 635 1296 700 referat
1318 633 1356 697 de

258 753 456 838 qualitatibus
478 753 544 817 aliis
567 753 628 816 sive
651 749 913 829 substantialibus,
934 750 996 813 sive
1017 746 1253 814 accidentalibus
1275 745 1357 808 illius

259 863 402 948 corporis,
418 885 492 947 quas
514 863 624 927 umbra
645 871 860 946 repraesentare
881 860 999 945 nequit.
1045 858 1191 923 Similiter
1213 867 1357 921 creaturae

258 974 292 1038 in
307 984 456 1060 quantum
473 983 557 1054 sunt,
572 983 603 1038 et
618 973 740 1054 durant,
752 983 783 1038 et
798 982 933 1051 causant,
949 979 980 1034 et
993 969 1182 1053 intelligunt,
1194 977 1226 1032 et
1240 967 1358 1045 volunt,

259 1085 395 1150 referunt
418 1087 482 1150 haec
504 1086 608 1150 eadem
631 1087 664 1149 in
686 1085 754 1150 Deo
777 1106 851 1163 esse,
874 1084 944 1148 licet
966 1082 1114 1147 nobiliore
1136 1077 1228 1145 modo
1239 1106 1248 1158 3
1279 1077 1358 1142 sicut

260 1198 408 1262 nobiliore
427 1197 516 1262 modo
535 1177 608 1261 sunt
623 1196 783 1280 qualitates
797 1195 930 1279 corporis
945 1194 978 1258 in
992 1214 1127 1279 corpore,
1142 1215 1233 1278 quam
1250 1192 1311 1255 sint
1326 1190 1359 1254 in

259 1309 325 1374 eius
339 1308 458 1388 umbra,
473 1332 509 1373 ex
524 1331 584 1393 qua
598 1315 834 1393 cognoscuntur.

304 1422 338 1486 6.-
364 1423 491 1484 Obiicies
509 1423 557 1485 2⁰r
576 1419 669 1485 Entia
688 1419 775 1483 finita
794 1427 952 1504 nequeunt
967 1417 1119 1502 cognosci,
1134 1416 1194 1480 nisi
1208 1416 1294 1501 prius
1308 1435 1359 1479 co-

261 1542 426 1616 gnoscatur
455 1532 541 1596 Deus
552 1558 562 1610 ;
598 1554 672 1616 ergo
701 1531 779 1596 nibil
809 1531 935 1596 dictum.
980 1529 1070 1594 Prob.
1100 1537 1164 1594 ant.
1195 1529 1278 1592 Nam
1307 1549 1361 1590 ens

261 1645 384 1708 finitum
401 1652 447 1707 est
462 1665 516 1707 ens
530 1651 716 1707 coarctatum
730 1642 899 1707 limitibus:
923 1651 953 1706 et
975 1649 1139 1726 antequam
1159 1639 1366 1724 concipiamus

264 1755 376 1819 limites
398 1755 488 1833 entis,
509 1776 631 1818 necesse
650 1761 697 1818 est
717 1752 873 1838 concipere
892 1777 957 1833 ens,
978 1753 1028 1818 cui
1049 1753 1237 1817 tribuantur,
1279 1751 1363 1834 Ergo

264 1873 427 1950 antequam
442 1866 647 1950 concipiamus
662 1887 716 1929 ens
730 1865 862 1945 finitum,
878 1865 1024 1929 debemus
1038 1885 1220 1948 cognoscere
1235 1863 1309 1947 quid
1325 1863 1363 1925 sit

264 2000 319 2042 ens
337 1977 476 2042 absolute
495 1986 526 2041 et
546 1977 733 2061 simpliciter.
780 1975 840 2041 Sed
860 1999 914 2042 ens
929 1976 1067 2041 absolute
1081 1984 1112 2040 et
1127 1975 1303 2061 simpliciter
1317 1983 1364 2038 est

264 2088 360 2154 Deus.
404 2087 499 2171 Ergo.

310 2199 492 2283 Respondeo
514 2223 544 2265 u.
559 2209 634 2280 aaa,
649 2200 688 2265 ad
709 2199 920 2286 probationem
942 2224 1021 2266 coac.
1037 2209 1099 2265 ont.
1118 2199 1218 2284 quoad
1234 2199 1364 2284 primam

264 2318 394 2394 partem,
410 2311 462 2375 sed
477 2335 550 2397 nepo
568 2311 669 2397 quoad
687 2312 862 2391 secundam,
877 2322 908 2376 et
927 2337 956 2376 a.
976 2335 1054 2376 cous.
1101 2311 1134 2374 Si
1148 2334 1253 2376 verum
1274 2320 1363 2387 esset,

266 2431 303 2486 ut
313 2423 425 2487 vellent
435 2423 581 2508 ontologi,
591 2446 647 2487 nos
657 2423 765 2488 debere
776 2425 862 2508 prius
877 2444 1057 2507 cognoscere
1072 2422 1147 2507 quid
1163 2423 1202 2486 sit
1217 2444 1267 2485 erra
1281 2424 1364 2486 obso-

267 2535 327 2598 lute
341 2543 370 2598 el
383 2534 562 2618 simpliciter,
574 2542 610 2598 ut
625 2534 734 2599 deinde
749 2535 794 2598 illi
808 2555 965 2619 possemus
980 2534 1145 2618 appingere
1160 2532 1282 2610 limites,
1294 2554 1365 2616 pro·

267 2645 318 2711 cul
332 2645 425 2710 dubio
440 2669 491 2710 eris
505 2647 634 2710 obsolute
654 2655 683 2710 et
701 2646 873 2731 simpliciter
892 2646 1100 2730 conciperetur
1119 2655 1155 2708 ut
1174 2646 1207 2708 in
1229 2644 1366 2730 potentia

266 2757 306 2823 ad
321 2756 509 2842 recipiendos
522 2747 645 2823 limites.
689 2757 773 2841 Ergo
788 2757 954 2822 certissime
968 2758 1036 2821 idea
1050 2757 1102 2820 illa
1113 2759 1187 2820 entis
1198 2757 1328 2821 obsolute
1339 2764 1368 2819 et

267 2869 437 2952 simpliciter
457 2890 519 2932 non
539 2879 618 2933 esset
640 2868 707 2932 idea
722 2869 791 2934 Dei.
837 2870 871 2933 Si
893 2891 962 2934 vero
982 2869 1090 2936 dicunt
1112 2891 1166 2932 ens
1184 2867 1321 2932 absolute
1336 2877 1367 2932 et

268 2978 445 3064 simpliciter
467 3002 532 3043 esse
553 2979 667 3060 Deum,
690 2980 842 3066 quomodo
865 2989 993 3065 possunt
1022 2980 1178 3064 concipere
1206 2980 1283 3044 illud
1313 3002 1368 3044 ens

269 3099 424 3175 tamquam
447 3090 597 3157 limitibus
620 3091 824 3156 coarctabilel
867 3092 909 3156 Et
932 3093 957 3156 si
972 3091 1135 3172 fateantur,
1151 3115 1205 3156 ens
1220 3092 1304 3178 quod
1318 3114 1368 3157 co-

270 3212 403 3267 arctatur
418 3225 478 3267 non
496 3224 562 3269 esse
575 3203 690 3284 Deum,
706 3213 781 3268 tunc
795 3205 833 3268 ad
854 3204 929 3290 quid
948 3204 1060 3270 valebit
1077 3227 1182 3268 eorum
1205 3227 1367 3289 argumen-

270 3314 371 3378 tatio?
395 3312 547 3379 Caeterum
562 3315 674 3380 falsum
689 3325 744 3394 est,
757 3338 813 3379 nos
829 3315 913 3401 prius
928 3316 1038 3380 habere
1052 3315 1152 3380 ideam
1167 3317 1246 3382 entis
1261 3317 1366 3381 limiti·

269 3425 328 3489 bus
351 3425 548 3506 coarctabilis,
563 3449 655 3511 quam
678 3427 757 3492 entis
779 3427 869 3505 finiti,
885 3449 981 3510 quum
1004 3427 1090 3491 nulla
1111 3428 1178 3491 idea
1192 3428 1368 3492 immediate

270 3535 374 3603 haberi
397 3537 503 3621 possit,
518 3538 580 3602 nisi
604 3561 659 3623 per
682 3540 811 3624 speeiem
836 3539 961 3624 physice
986 3537 1164 3623 impressam
1189 3540 1227 3604 ab
1251 3541 1369 3606 obiecto
1421 3571 1429 3592 ι

270 3659 418 3712 enitente
431 3671 438 3712 t
460 3673 517 3714 ens
535 3659 638 3714 autem
654 3651 805 3714 limitibus
820 3650 999 3714 coarctabile
1013 3661 1045 3715 et
1059 3651 1144 3715 nullo
1160 3652 1259 3716 adbuc
1272 3651 1370 3716 limite

271 3769 468 3839 coarctatum,
482 3769 590 3846 utpote
612 3761 892 3840 indeterminatum,
908 3784 971 3825 non
992 3771 1040 3825 est
1060 3783 1114 3825 ens
1128 3763 1300 3848 physicum,
1317 3763 1370 3827 sed

270 3880 317 3935 est
332 3872 481 3940 terminus
495 3873 646 3936 resultans
661 3897 697 3936 ex
711 3872 885 3957 operatione
899 3872 1092 3952 intellectiva,
1104 3885 1140 3937 ut
1154 3884 1311 3938 ostensum
1323 3886 1370 3939 est

271 3985 304 4054 in
320 3993 452 4050 tractatu
467 3983 505 4050 de
519 3985 643 4050 homine
661 3987 704 4069 (n.
717 3988 893 4070 los-107).

314 4098 455 4162 lactabis.
492 4097 566 4162 Non
596 4121 759 4182 possumus
790 4121 971 4182 cognoscere
1001 4101 1134 4184 spatium
1164 4100 1286 4164 finitum
1320 4123 1371 4166 oc-

271 4217 417 4292 cupatum
440 4229 457 4271 a
479 4229 613 4294 corpore,
629 4208 689 4272 nisi
710 4231 765 4293 per
781 4209 959 4273 relationem
981 4209 1021 4273 ad
1041 4210 1173 4294 spatium
1196 4209 1370 4275 absolutum

269 4328 301 4396 ct
326 4319 493 4397 infinitum,
521 4319 604 4405 qnod
627 4328 674 4384 est
697 4329 780 4385 extra
806 4342 925 4405 corpus.
977 4321 1062 4404 Ergo
1085 4323 1192 4407 a'pari
1215 4344 1279 4387 non
1304 4345 1374 4410 pos·
