3212 4986
201 399 272 443 car.
290 379 361 463 ιιι.]
690 397 733 440 nr
750 396 825 442 ono.
1262 379 1301 440 61

201 567 227 630 si
248 567 342 647 dicas,
357 567 460 632 Deum
481 589 544 631 non
562 588 652 652 posse
672 566 730 631 sibi
750 567 826 632 velle
848 566 977 631 obiicere
991 575 1160 651 peccatum,
1177 587 1303 649 respon·

200 679 300 758 detur,
324 677 479 743 materiale
504 678 630 763 peccati,
661 677 745 763 quod
769 686 816 742 est
842 678 957 742 factum
984 677 1156 764 physicum,
1186 676 1303 741 nullam

200 791 313 855 habere
333 790 493 868 malitiam,
510 798 634 875 propter
654 812 746 875 quam
766 788 950 874 impediatur
964 788 1050 853 Deus
1070 789 1108 853 ab
1129 788 1212 853 illius
1229 786 1303 852 voli·

201 902 303 968 tione:
336 901 552 966 formalitatem
581 912 684 966 autem
714 901 814 986 culpae
843 923 906 965 non
935 901 1041 966 cadere
1065 900 1121 965 sub
1146 899 1303 965 scientiam

201 1013 335 1095 visionis,
348 1014 402 1080 sed
414 1012 561 1098 simplicis
572 1013 797 1098 intelligentiae,
809 1036 905 1098 quum
919 1012 958 1076 sit
972 1013 1079 1078 relatio
1092 1011 1304 1095 intelligibilis.

580 1281 766 1326 anrrcnnos
782 1281 931 1325 rnarrus.
990 1257 992 1262 ’

377 1430 426 1494 Dc
440 1437 509 1493 actu
523 1430 660 1507 creaticc,
670 1437 763 1512 proed
777 1431 809 1492 in
824 1430 967 1494 creaturis
979 1430 1131 1511 recipitur.

247 1563 299 1627 74.
322 1560 429 1645 Recipi
446 1567 550 1624 sctum
572 1559 738 1624 creativum
755 1559 788 1623 in
807 1567 945 1623 creatura
965 1559 1117 1643 significat
1135 1569 1305 1625 creaturam

203 1672 241 1737 de
255 1673 456 1758 possibilitate
470 1672 510 1737 sd
524 1680 627 1737 actum
643 1671 884 1736 substantialiter
898 1670 1013 1751 reduci,
1026 1694 1080 1736 seu
1095 1671 1133 1736 de
1148 1672 1245 1737 nihilo
1258 1673 1305 1738 sui

202 1795 234 1850 et
250 1786 379 1850 subiecti
393 1786 492 1865 educi,
508 1794 543 1849 ut
562 1784 780 1870 explicabimus
799 1785 832 1848 in
853 1793 999 1870 sequente
1021 1793 1164 1849 tractatu.
1208 1786 1305 1850 Actus

203 1899 351 1963 creativus
375 1898 453 1962 sicut
472 1897 590 1962 divinas
607 1896 807 1982 perfectiones
823 1897 896 1962 facit
914 1897 1071 1961 terminari
1091 1897 1130 1961 ad
1150 1907 1244 1977 extra,
1262 1898 1307 1962 ita

203 2010 365 2095 participat
381 2009 526 2074 creaturis
541 2031 602 2074 esce
616 2008 800 2073 imitativum
811 2009 983 2073 divinarum
999 2009 1220 2095 perfectionum
1235 2033 1307 2095 quaa

203 2120 243 2221 sd
257 2119 338 2207 ipsas
352 2121 567 2198 terminantur,
583 2119 646 2183 fere
661 2119 740 2183 sicut
757 2118 819 2196 lux,
836 2118 910 2182 dum
931 2120 1113 2183 terminatur
1128 2119 1166 2184 ad
1185 2142 1305 2204 corpus,

203 2232 364 2318 participat
381 2232 428 2296 illi
446 2230 562 2318 aliquid
584 2229 667 2316 quod
687 2231 720 2295 in
737 2230 805 2295 luce
819 2239 866 2294 est
881 2230 1081 2295 eminentiore
1097 2230 1197 2310 modo,
1213 2232 1245 2294 id
1261 2240 1307 2296 est

204 2344 297 2408 talem
313 2345 453 2409 colorem.

249 2459 300 2528 75„
323 2457 364 2521 Ilt
375 2455 473 2540 primo
483 2462 630 2519 creaturae
641 2453 824 2540 participant
835 2474 896 2517 csse
907 2454 938 2516 ia
949 2474 980 2516 se
990 2451 1111 2517 realiter
1125 2452 1305 2518 distinctum

204 2567 242 2633 ab
266 2591 331 2632 esse
347 2566 509 2647 Creatoris‚
524 2574 561 2631 ut
585 2566 783 2630 ostendemus
808 2564 841 2628 in
861 2573 994 2634 tractatu
1015 2573 1170 2649 sequente,
1186 2565 1240 2630 sed
1259 2558 1314 2630 re-¹

204 2678 304 2744 ferens
323 2678 555 2743 similitudinem
571 2677 620 2742 sui
635 2676 797 2755 Creatoria
814 2685 850 2740 ut
873 2675 937 2740 suis
959 2676 1033 2741 locis
1049 2677 1233 2741 declaratum
1250 2689 1305 2758 est,

204 2813 268 2855 non
283 2789 382 2854 solum
394 2790 496 2876 quoad
510 2790 661 2854 unitatem
676 2789 826 2867 essentias,
839 2787 892 2852 sed
907 2788 997 2853 etiam
1014 2787 1114 2873 quoad
1125 2789 1305 2854 Trinitatem

205 2925 415 2987 personarum,
430 2924 523 2987 quam
545 2910 702 2980 creaturae,
721 2900 801 2964 sicut
823 2909 964 2984 possunt,
979 2900 1151 2964 imitantur.
1197 2901 1307 2966 Omnis

204 3013 287 3078 enim
308 3022 394 3079 actus
413 3012 621 3077 substantialis
640 3021 760 3076 creatus
777 3013 809 3076 in
828 3035 860 3075 se
877 3011 1028 3096 complete
1047 3021 1078 3075 et
1093 3012 1219 3098 physice
1234 3014 1306 3078 sub-

205 3125 317 3190 sistens
338 3125 551 3210 complectitur
572 3124 631 3189 tria
654 3124 870 3210 metaphysica,
886 3123 1024 3188 videlicet
1045 3124 1230 3210 principium
1245 3126 1306 3190 for·

205 3237 284 3300 male
306 3236 436 3315 essendi,
461 3236 628 3300 terminum
651 3236 847 3320 accipientem
870 3234 1037 3299 formaliter
1058 3257 1133 3315 esse,
1157 3238 1307 3301 unitatem

204 3348 326 3413 essendi
354 3348 554 3412 resultantem
584 3370 620 3411 ex
646 3347 818 3411 actuatione
842 3346 964 3410 formali
990 3346 1113 3410 termini
1136 3370 1190 3431 per
1216 3371 1307 3414 suum

204 3471 317 3526 actum.
376 3460 458 3526 Hinc
483 3459 655 3525 substantia
681 3459 828 3544 quaelibet
854 3458 1014 3542 tripliciter
1040 3457 1159 3523 definiri
1188 3461 1307 3544 potest:

205 3573 303 3656 primo
318 3580 353 3636 ut
368 3571 554 3657 principium
569 3570 689 3635 essendi
704 3570 902 3634 terminatum
918 3577 948 3633 et
965 3569 1151 3654 completum
1167 3572 1200 3634 in
1215 3581 1306 3652 actu3

204 3705 266 3769 quo
281 3683 372 3748 modo
386 3683 479 3748 refert
494 3681 725 3746 similitudinem
742 3702 812 3743 cum
828 3679 935 3743 Patre:
960 3679 1093 3743 secundo
1109 3690 1144 3743 ut
1159 3682 1309 3745 terminus

205 3796 331 3860 actualis
352 3795 525 3879 completus
547 3793 679 3857 existens
701 3792 730 3856 vi
752 3800 848 3868 actus,
871 3791 959 3854 cuius
981 3802 1028 3855 est
1052 3792 1199 3856 terminus
1211 3819 1220 3872 ;
1247 3816 1308 3877 quo

205 3907 296 3971 modo
316 3906 409 3971 refert
432 3903 665 3970 similitudinem
682 3902 769 3968 Filii:
794 3901 884 3966 tertio
899 3910 934 3964 ut
950 3901 1051 3965 unitas
1067 3925 1102 3966 ex
1117 3911 1187 3967 actu
1203 3913 1232 3967 et
1248 3914 1308 3968 ter-

205 4019 291 4082 mino
320 4015 515 4082 substantiali
544 4015 695 4080 resultans
706 4041 715 4092 3
750 4035 811 4097 quo
841 4012 932 4076 modo
958 4013 1051 4077 refert
1078 4013 1309 4080 similitudinem

207 4129 340 4215 Spiritus
367 4129 481 4195 Sancti.
527 4127 607 4192 Vide
630 4125 711 4190 dicta
740 4125 773 4188 in
795 4133 928 4190 tractatu
959 4124 996 4189 de
1023 4125 1129 4209 primis
1152 4127 1310 4213 principiis

205 4263 239 4306 n.
253 4244 307 4320 35,
322 4240 360 4306 de
386 4239 559 4306 substantia
581 4237 731 4323 spirituali
755 4258 787 4299 n.
806 4240 857 4315 14,
874 4236 911 4299 de
925 4235 1050 4299 homine
1064 4258 1095 4302 n.
1115 4240 1165 4316 18,
1182 4238 1219 4303 de
1234 4241 1311 4304 acci·

209 4353 352 4418 dentibus
368 4376 399 4417 n.
416 4355 446 4416 8.
