3212 4986
269 313 312 374 58
754 334 797 377 nn
814 333 889 377 nno.
1218 308 1301 394 [car.
1320 325 1373 369 ιιι.

271 497 330 561 Dei
353 497 465 563 dieitur
484 501 635 584 cliqmtos
654 497 700 562 vel
722 500 966 582 omniproesmtio,
983 505 1106 580 accepte
1126 493 1251 559 nomine
1272 515 1291 556 a
1312 499 1375 556 ter·

271 607 362 672 minis
378 609 486 674 creatis
501 609 701 674 existentibus
717 609 749 672 in
758 611 818 689 abi,
830 617 989 693 tamquam
1000 607 1033 671 in
1044 607 1177 672 termino
1189 604 1373 670 terminante

270 720 488 785 virtualitatem
499 721 725 799 immensitatis,
736 720 768 784 in
780 743 841 806 qua
852 729 925 784 sunt
937 727 1101 804 praesentes
1112 719 1180 782 Dec
1192 742 1199 781 :
1222 713 1375 782 aetemitas

270 835 330 899 Dei
345 834 458 900 dicitur
472 837 698 919 sempiternitas,
714 843 837 919 accepto
853 833 978 898 nomine
993 858 1010 898 a
1025 833 1186 898 duratione
1207 827 1375 895 successiva

270 956 431 1014 creaturae:
454 947 575 1014 bonitas
586 947 647 1011 Dei
662 947 772 1032 accipit
786 969 898 1011 nomen
907 947 983 1032 finis
996 948 1104 1026 ultimi,
1120 946 1250 1023 iustitia,
1262 943 1374 1007 miseri·

271 1062 375 1125 cordia
386 1068 444 1125 etc.
457 1082 512 1145 pro
524 1058 649 1126 diversis
661 1058 790 1138 actibus,
802 1059 913 1144 quibus
929 1058 1055 1143 attingit
1070 1080 1137 1138 nos,
1149 1055 1196 1122 vel
1210 1053 1376 1138 attingitur

271 1196 289 1236 a
314 1171 422 1237 nobis:
456 1171 694 1256 independentia
708 1171 768 1236 Dei
792 1170 933 1236 absoluta
956 1170 1065 1255 accipit
1087 1192 1201 1234 nomen
1230 1167 1376 1232 libertatis

262 1284 420 1367 formalis:
444 1283 592 1368 sapientia
603 1282 664 1347 Dei
676 1282 891 1347 denominatur
896 1283 1103 1366 providentio:
1124 1280 1263 1345 voluntas
1273 1267 1375 1342 divina

271 1393 484 1457 denominatur
509 1394 625 1457 lomina
650 1415 756 1472 rernm,
779 1394 944 1478 leyislotric
970 1401 1027 1456 etc.
1074 1391 1149 1456 Haec
1169 1398 1200 1454 et
1217 1389 1277 1453 alia
1294 1388 1374 1452 eius·

271 1503 355 1567 modi
369 1503 494 1568 nomina
509 1504 695 1568 conveniunt
710 1503 778 1568 Deo
794 1503 911 1568 ratione
925 1513 1012 1567 actus
1027 1501 1159 1567 creativi.

316 1620 368 1683 72.
391 1616 546 1696 Diximus,
559 1616 716 1680 scientiam
727 1616 787 1680 Dei
797 1627 833 1681 ut
847 1617 1042 1681 terminatam
1057 1615 1096 1680 ad
1111 1624 1195 1680 extra
1210 1613 1270 1678 dici
1283 1615 1374 1676 scien-

271 1731 342 1792 liam
356 1730 486 1807 visionis,
502 1727 549 1791 vel
572 1727 730 1792 scientiam
753 1727 892 1792 absolute
914 1728 1099 1792 suturarum.
1146 1725 1250 1803 Quaeri
1272 1734 1375 1788 autem

272 1839 348 1904 solet
371 1849 476 1904 utrum
494 1863 599 1903 verum
622 1839 662 1904 sit
685 1839 800 1905 dicere:
824 1841 954 1924 Aliquid
973 1842 1039 1919 erit,
1062 1840 1135 1923 qnia
1149 1839 1233 1901 Deus
1253 1837 1376 1901 scientia

271 1953 391 2015 visionis
405 1954 462 2016 scit
477 1952 648 2036 illndsore3
671 1974 711 2015 cu
725 1951 828 2036 potius
844 1950 1007 2016 dicendum
1023 1951 1080 2015 sit:
1103 1952 1186 2014 Deus
1196 1952 1252 2014 soil
1263 1949 1379 2032 aliquid

264 2065 430 2148 screonis
451 2063 527 2127 illul
537 2063 676 2148 fratrorum
696 2072 749 2128 est.
794 2062 855 2128 cui
875 2062 1038 2148 quaestioni
1056 2060 1302 2146 respondendum
1318 2067 1375 2138 est,

273 2175 407 2260 primum
437 2175 564 2239 modum
595 2174 715 2239 dicendi
744 2198 810 2239 esse
835 2198 941 2240 verum
971 2169 1174 2252 materialiter,
1205 2172 1375 2237 secundum

273 2295 376 2351 autem
392 2287 573 2371 formaliter.
620 2286 711 2350 Ratio
734 2286 817 2350 enim
838 2295 962 2371 propter
984 2275 1081 2369 quam*
1097 2283 1213 2369 aliquid
1234 2283 1375 2347 futurum

273 2399 313 2463 sit
333 2420 395 2462 non
413 2407 459 2462 est
481 2398 552 2482 quia
567 2398 653 2462 Deus
673 2397 705 2461 id
723 2397 810 2463 scivit
828 2398 911 2480 (licet
926 2397 1121 2462 materialiter
1136 2419 1241 2461 verum
1257 2396 1297 2459 sit
1312 2417 1375 2458 non

272 2533 360 2596 posse
375 2532 438 2573 non
452 2510 517 2573 fieri
533 2508 616 2594 qnod
631 2509 718 2572 Deus
733 2510 790 2572 scit
806 2531 871 2573 esse
885 2509 1050 2593 futurum),
1068 2508 1121 2572 sed
1136 2508 1207 2593 quia
1221 2507 1308 2571 Deus
1323 2529 1376 2592 per

274 2630 377 2687 actum
393 2621 431 2685 ad
446 2631 529 2685 extra
544 2620 619 2684 illud
639 2621 766 2684 existere
788 2621 897 2686 faciet:
921 2629 952 2686 et
965 2621 1024 2685 huc
1039 2621 1139 2705 posito
1154 2643 1202 2684 res
1219 2620 1325 2684 futura
1342 2627 1376 2683 nt

273 2736 332 2796 inm
350 2733 459 2816 fotura
484 2733 520 2796 fit
546 2731 699 2796 obiectum
726 2733 860 2796 scientiae
885 2732 1019 2812 visionis,
1047 2743 1077 2797 et
1102 2731 1171 2797 ideo
1194 2731 1315 2797 videtur
1340 2741 1375 2795 ut

272 2846 387 2924 futura,
414 2843 486 2928 quia
511 2852 545 2906 ut
568 2844 675 2906 futura
701 2843 851 2908 obiicitur.
896 2844 938 2907 nt
963 2867 1012 2909 res
1035 2852 1081 2908 est
1105 2843 1248 2922 evidens3
1279 2866 1375 2929 quum

274 2957 356 3020 enim
372 2955 498 3020 scientia
513 2955 637 3036 visionis
653 2964 870 3041 praesupponat
885 2964 988 3020 actum
1004 2956 1169 3020 creativum
1184 2955 1313 3020 liberum
1333 2955 1376 3039 (et

273 3069 342 3132 ideo
366 3067 485 3132 dicatur
511 3067 636 3131 scientia
659 3067 778 3151 libera),
797 3067 905 3152 nequit
924 3067 1011 3132 Deus
1034 3090 1089 3152 per
1113 3067 1193 3131 hanc
1218 3065 1375 3131 scientiam

274 3182 376 3245 videre
391 3180 451 3245 nisi
466 3180 549 3266 quod
564 3180 601 3243 ab
617 3181 684 3265 ipso
698 3181 792 3245 libere
806 3180 953 3265 procedit,
966 3189 1001 3245 ut
1016 3181 1077 3245 iam
1093 3180 1186 3244 libere
1200 3180 1375 3264 procedens,

273 3292 376 3371 idest,
392 3300 427 3356 ut
446 3292 508 3355 iam
528 3291 621 3355 libere
638 3291 877 3355 determinatum
892 3291 931 3356 ad
945 3292 1168 3357 futuriticnem.
1214 3291 1288 3356 Ideo
1304 3314 1377 3375 ergo

274 3403 361 3468 Deus
383 3403 440 3468 scit
460 3426 523 3467 rem
544 3402 784 3486 contingentem,
801 3403 873 3488 quia
893 3411 939 3467 est
957 3403 1180 3488 contingenter,
1196 3425 1260 3467 non
1274 3411 1377 3467 cutem

275 3525 390 3581 contra.
434 3516 476 3579 Et
491 3515 550 3579 hoc
564 3514 657 3579 modo
672 3525 797 3600 apparet
812 3514 966 3599 quomodo
981 3515 1117 3595 scientia,
1127 3538 1187 3601 qna
1197 3516 1284 3579 Deus
1296 3515 1377 3580 videt

274 3636 379 3691 nostra
393 3627 507 3705 futura,
522 3649 584 3690 non
601 3634 709 3690 noceat
723 3625 867 3690 humanae
880 3625 1024 3691 libertati.
1071 3625 1176 3703 Quum
1197 3627 1279 3691 enim
1298 3626 1377 3691 nihil

275 3740 375 3804 videat
397 3740 537 3803 futurum
560 3739 620 3802 nisi
647 3736 729 3824 quod
752 3737 847 3802 libere
873 3738 911 3802 ab
935 3738 1003 3823 ipso
1026 3739 1171 3823 procedit,
1196 3762 1251 3804 scu
1274 3761 1377 3804 eonse-

275 3859 404 3936 qnenter
425 3849 464 3915 ad
493 3872 606 3913 nexum
628 3848 779 3914 actualem
802 3848 1032 3933 contingentem
1054 3849 1134 3914 inter
1156 3859 1259 3914 actum
1286 3872 1377 3914 suum

274 3964 433 4028 volitivum
457 3970 488 4026 et
511 3961 677 4026 terminum
701 3960 897 4046 productum,
921 3969 951 4024 et
975 3984 1071 4047 quum
1094 3961 1220 4026 libertas
1243 3962 1379 4026 humana

275 4075 444 4138 eminenter
458 4073 650 4137 contineatur
664 4073 697 4136 in
712 4072 853 4137 libertate
869 4072 980 4152 divina,
995 4073 1083 4138 cuius
1098 4082 1144 4138 est
1164 4073 1376 4159 participati03

277 4187 424 4272 sequitur,
440 4186 575 4251 actiones
597 4207 720 4270 quoque
733 4184 845 4248 liberas
859 4193 1066 4249 creaturarum
1081 4185 1176 4250 videri
1191 4209 1208 4250 a
1222 4186 1290 4250 Deo
1305 4209 1378 4251 con·

276 4292 438 4384 sequenter
453 4297 492 4362 ud
506 4321 617 4362 nexum
628 4297 857 4381 contingentem
866 4296 946 4363 inter
955 4307 1057 4362 aetum
1067 4298 1222 4364 volitivnm
1233 4308 1378 4364 creaturae
