3222 4984
281 349 344 417 176
583 372 626 416 nn
642 371 785 417 serrone
801 371 859 418 um
876 373 915 418 ru
932 375 1062 420 nunno.
1244 353 1329 440 [car.
1345 374 1385 419 11.

281 539 360 604 circa
375 561 425 604 eas
446 538 626 624 cogitando:
649 550 679 606 et
694 541 752 607 hoc
767 541 895 608 fortasse
917 565 981 608 non
1000 543 1101 609 solum
1118 542 1212 608 habet
1234 544 1385 608 rationem

282 659 375 729 cona,
399 650 453 717 sed
474 651 715 733 etiamactr'onia,
734 655 938 739 inquantum
960 654 1142 740 producitur
1163 654 1238 720 ordo
1260 655 1385 740 quidam

281 762 314 826 in
335 762 491 848 speciebus
513 787 568 830 seu
585 765 758 830 rationibus
776 767 992 852 apprehensis:
1016 775 1047 830 et
1067 766 1131 831 haec
1153 767 1289 852 operatio
1304 767 1386 852 cogi-

281 875 369 939 tandi
382 875 418 939 fit
437 897 507 940 curn
525 877 589 941 solo
609 899 760 942 concursu
781 879 965 944 simultaneo
986 877 1172 964 supradicto.
1217 879 1266 943 Ex
1282 879 1386 964 cogni-

281 987 364 1053 tione
378 987 488 1052 0bieoti
505 988 562 1054 sub
577 990 695 1054 ratione
709 989 783 1054 boni
797 990 921 1056 limitati
940 990 1070 1056 resultat
1093 999 1196 1054 motus
1211 990 1338 1076 quidam
1352 991 1385 1054 in

281 1099 406 1185 regione
414 1100 568 1166 affectiva:
591 1101 641 1166 hic
653 1110 756 1166 motus
768 1102 925 1168 effectivus
946 1111 993 1168 est
1002 1102 1041 1167 ab
1053 1101 1172 1166 obiecto
1184 1102 1308 1185 cognito
1323 1110 1354 1167 et
1369 1125 1387 1166 a

280 1211 348 1276 Deo
363 1220 398 1276 ut
413 1220 612 1277 concurrente
636 1212 675 1277 ad
698 1213 905 1298 cognitionem
929 1213 1051 1293 obiecti,
1072 1221 1103 1292 et
1119 1213 1280 1277 constituit
1295 1213 1386 1278 ratio-

280 1345 352 1388 nem
366 1323 535 1402 formalem,
551 1323 607 1388 sub
622 1347 684 1409 qua
698 1325 850 1390 terminus
864 1326 1007 1410 cognitus
1021 1326 1057 1389 fit
1077 1324 1179 1409 primo
1201 1325 1386 1410 attingibilis

281 1434 440 1500 voluntati.
486 1434 547 1498 Hic
560 1444 660 1499 motus
672 1436 790 1521 primus
801 1446 832 1501 et
844 1445 1034 1522 spontaneus
1045 1458 1107 1501 non
1123 1444 1170 1500 est
1185 1438 1264 1501 actio
1279 1437 1387 1502 volun·

281 1547 364 1626 tatis,
380 1546 433 1610 sed
453 1545 553 1630 passio
573 1547 638 1610 eius
659 1556 690 1612 et
708 1549 788 1613 actio
807 1549 928 1627 obiecti,
943 1556 980 1614 ut
996 1549 1113 1613 dictum
1130 1555 1194 1613 estc
1218 1548 1273 1612 sed
1288 1548 1388 1633 posito

281 1660 340 1724 hoc
354 1667 441 1723 motu
456 1657 597 1722 voluntas
615 1668 661 1722 est
682 1661 785 1725 statim
802 1663 834 1724 in
848 1669 927 1740 octa,
941 1660 1014 1725 licet
1029 1682 1093 1724 non
1108 1659 1142 1723 in
1157 1659 1286 1738 actione,
1310 1660 1388 1725 circa

282 1771 453 1849 obiectum3
476 1770 592 1835 invenit
607 1772 690 1836 enirn
706 1795 738 1838 se
753 1782 821 1839 actu
835 1774 1032 1838 terminatam
1044 1773 1083 1837 ad
1098 1771 1194 1837 illud:
1219 1780 1254 1835 ut
1269 1794 1339 1837 vero
1348 1773 1388 1838 sit

282 1883 325 1947 sic
350 1882 382 1946 in
408 1891 488 1962 actu,
515 1884 626 1949 sufficit
652 1893 687 1948 ut
712 1885 809 1950 virtus
833 1885 1011 1965 voluntatis,
1036 1906 1104 1970 quae
1125 1884 1163 1949 de
1186 1906 1219 1948 se
1233 1892 1280 1948 est
1301 1893 1388 1948 actus

280 1995 409 2080 primus,
434 2004 623 2060 sustentetur
646 1997 679 2060 in
705 2019 741 2061 eo
770 1997 900 2061 instanti
926 1998 959 2061 in
984 2019 1047 2083 quo
1071 1997 1222 2061 terminus
1245 1998 1281 2061 fit
1307 1997 1388 2061 intra

283 2106 433 2191 sphaeram
446 2106 548 2172 illius:
571 2108 629 2172 hoc
644 2109 711 2193 ipso
726 2109 809 2173 enim
827 2107 886 2172 erit
908 2108 941 2172 in
960 2117 1032 2173 actu
1052 2106 1197 2173 secundo.
1243 2107 1389 2195 Sequitur

284 2217 393 2283 deinde
411 2218 599 2284 advertentis
622 2221 661 2285 ad
680 2220 842 2306 proprium
864 2219 992 2284 modum
1013 2219 1133 2284 essendi
1153 2241 1223 2283 cum
1241 2220 1389 2284 termina·

283 2330 366 2396 tione
381 2330 419 2395 ad
434 2331 527 2395 talem
549 2332 717 2395 terminum
742 2331 800 2396 sub
823 2330 878 2395 tali
899 2331 1017 2396 ratione
1036 2332 1177 2404 bonitatis
1191 2331 1298 2416 finita,
1319 2353 1388 2416 quoe

282 2441 469 2507 advertentia
483 2441 523 2506 ad
532 2442 656 2522 limites,
668 2442 781 2528 quibus
790 2443 897 2507 finitur
908 2442 1029 2507 bonitas
1041 2442 1162 2522 obiecti,
1178 2450 1224 2507 est
1235 2443 1387 2508 sufficiens

283 2554 362 2620 ratio
376 2578 431 2619 cur
445 2554 586 2620 voluntas
601 2556 698 2640 possit
709 2577 820 2640 ponere
830 2563 933 2620 actum
946 2555 1122 2640 oppositum
1138 2555 1183 2619 illi
1197 2556 1230 2619 in
1245 2577 1307 2640 quo
1322 2564 1387 2620 ests

183 2679 187 2689 ⁴
283 2676 315 2732 et
330 2668 372 2731 sic
387 2667 451 2731 haec
466 2665 654 2746 advertentia
668 2676 714 2731 est
737 2667 873 2732 conditio
895 2667 1064 2731 necessaria
1086 2676 1173 2730 actus
1193 2665 1292 2731 liberi.
1338 2665 1389 2732 Ad

284 2777 503 2844 advertendum
523 2788 625 2843 autem
649 2779 815 2865 requiritur
838 2801 1004 2844 concursus
1028 2777 1230 2842 simultaneus
1251 2786 1387 2857 tantum,

283 2913 380 2976 quum
396 2913 443 2955 res
457 2891 537 2956 circa
549 2914 642 2977 quam
657 2893 692 2957 fit
707 2892 895 2957 advertentia
911 2891 951 2955 sit
965 2899 1034 2957 actu
1048 2913 1182 2976 praesens
1205 2889 1387 2955 advertenti.

286 3002 319 3066 Si
334 3002 485 3082 voluntas,
499 3002 581 3067 facta
595 3004 794 3083 advertentis,
809 3003 843 3067 in
858 3025 914 3068 suo
930 3010 1001 3067 actu
1015 3009 1148 3080 maneat,
1163 3001 1221 3065 erit
1236 3000 1287 3065 ille
1302 3011 1388 3066 actus

284 3113 370 3194 liber,
386 3122 417 3178 et
431 3114 517 3179 nullo
534 3136 613 3180 novo
631 3137 781 3180 concursu
796 3113 953 3203 opuserit,
964 3115 1017 3178 sed
1033 3113 1161 3178 sufficiet
1177 3113 1203 3177 si
1217 3113 1305 3178 Deus
1320 3136 1388 3177 sus-

285 3234 384 3290 tentet
400 3248 455 3290 suo
472 3225 592 3292 influxu
609 3227 797 3292 voluntatem
819 3227 862 3292 sic
882 3235 952 3291 actu
972 3227 1187 3304 terminatam3
1210 3225 1236 3289 si
1250 3227 1322 3290 vero
1334 3248 1388 3291 vo-

285 3338 389 3401 luntas
403 3359 466 3401 non
482 3337 521 3401 sit
531 3337 569 3401 de
578 3337 659 3402 facto
670 3337 773 3422 quieta
788 3338 822 3400 in
838 3359 893 3401 suo
909 3345 981 3402 actu
992 3335 1088 3421 (quod
1103 3335 1217 3421 orietur
1232 3358 1268 3399 ex
1283 3336 1388 3400 adver·

284 3451 389 3516 tentia·
402 3451 638 3536 imperfectionis
660 3451 693 3515 in
715 3450 834 3515 obiecto
857 3449 904 3514 sui
926 3458 1012 3514 actus
1027 3448 1210 3532 existentis),
1229 3449 1334 3512 statim
1352 3471 1388 3512 ex

285 3561 452 3626 necessaria
466 3572 583 3627 naturae
603 3562 758 3627 rationalis
777 3560 937 3624 tendentia
958 3561 1004 3639 fit,
1027 3568 1063 3624 ut
1085 3581 1170 3624 novae
1184 3559 1317 3623 rationes
1337 3581 1387 3623 co-

286 3671 470 3757 gnoscibiles
483 3672 653 3737 intellectui
662 3681 693 3736 et
704 3694 789 3736 novae
798 3671 930 3734 rationes
945 3669 1124 3756 appetibiles
1139 3669 1290 3734 voluntati
1305 3669 1389 3734 exhi-

285 3785 378 3850 beant
402 3807 489 3864 sese‚·
502 3785 614 3871 quibus
637 3783 745 3870 positis
774 3782 955 3868 procedetur
983 3783 1095 3845 iterum
1125 3781 1205 3846 sicut
1234 3781 1320 3867 prius
1349 3780 1389 3846 ad

285 3897 411 3962 liberam
426 3897 615 3961 electionem.
1336 3965 1338 3970 ,

329 4011 426 4074 Actus
440 4009 607 4074 voluntatis
614 4007 702 4086 liber,
713 4029 775 4092 quo
786 4006 855 4091 quis
871 4014 940 4090 post
954 4005 1173 4071 advertentiam
1184 4005 1251 4070 vult
1262 4003 1387 4090 aliquid,

286 4145 349 4186 non
364 4129 410 4185 est
424 4122 511 4198 actio,
528 4119 581 4183 sed
596 4129 681 4182 actus
696 4117 837 4202 praecise:
860 4139 931 4180 nam
949 4117 1025 4181 velle
1047 4125 1093 4181 est
1115 4105 1180 4182 esse
1200 4124 1271 4181 actu
1285 4116 1390 4204 ¹uolen-

286 4244 359 4311 tem,
375 4253 437 4295 non
449 4252 519 4297 vero
531 4229 698 4316 producere
710 4228 844 4314 aliquid:
868 4237 1004 4294 attamen
1012 4229 1131 4294 ratione
1142 4228 1270 4292 actionis
1280 4250 1388 4292 execu-

285 4344 365 4421 tivae,
381 4364 449 4426 quae
463 4343 600 4426 seqnitur
613 4341 741 4405 liberam
757 4341 944 4421 volitionem,
961 4363 1040 4425 saepe
1053 4341 1160 4406 volitio
1175 4340 1287 4406 dicitur
1298 4340 1387 4406 actio.

1536 4129 1540 4134 ι
1593 4005 1595 4093 l
