3240 4986
271 333 334 396 120
724 354 767 397 nn
784 355 916 399 nunno.
1212 334 1298 418 [car.
1316 356 1370 399 111.

312 516 354 580 Et
376 539 430 602 per
452 518 515 584 baec
538 519 734 584 manifestum
757 530 813 601 est,
829 542 950 586 omnem
974 520 1105 605 gradmn
1126 519 1266 584 entitatis
1286 528 1370 583 extra

269 627 372 692 Deum
394 630 551 694 existentis
573 632 745 718 conspirare
768 633 807 698 ad
830 633 1066 698 manifestandas
1086 631 1146 697 Dei
1171 631 1371 717 perfectiones

269 739 362 803 modo
383 742 613 826 proportionato
636 765 697 808 suae
719 745 849 829 propria
870 743 1011 824 realitati,
1027 767 1097 808 cum
1120 743 1252 829 quadam
1263 753 1372 806 mutua

270 850 491 936 dependentia:
515 853 554 919 de
578 877 640 939 qua
664 877 698 920 re
720 877 784 920 non
809 878 906 941 pauca
929 855 1001 921 addi
1023 863 1159 940 possent,
1182 855 1209 918 si
1232 853 1370 939 specialis

270 971 419 1028 tractatus
444 964 608 1030 baberetur
630 967 709 1032 circa
732 967 1010 1032 manifestationem
1026 966 1197 1032 divinarum
1212 965 1371 1052 perfectio·

269 1095 347 1139 num
361 1075 392 1139 in
415 1077 571 1142 creaturis.
618 1079 678 1143 Sed
693 1078 743 1144 hic
758 1079 909 1144 sufficiant
925 1101 993 1165 quae
1008 1078 1187 1164 attigimus:
1210 1076 1371 1161 exquibus

270 1185 413 1252 omnibus
434 1188 478 1253 sic
495 1189 702 1275 argumentari
722 1212 903 1276 possumus:
928 1189 1051 1270 Omnia,
1066 1212 1135 1276 quae
1149 1189 1235 1254 Deus
1250 1188 1370 1270 creavit,

160 1285 163 1291 ¹
196 1331 199 1336 ·
268 1317 369 1382 perse
384 1306 485 1384 etper
500 1300 707 1366 suoseffectus
722 1309 753 1365 et
768 1324 822 1387 per·
836 1302 1050 1367 resultationes
1065 1324 1192 1367 suorum
1206 1301 1369 1366 effectuum

269 1409 468 1475 manifestant
497 1412 615 1477 divinas
644 1413 864 1498 perfectiones:
899 1422 929 1479 et
958 1414 1017 1479 hoc
1045 1414 1246 1479 essentialiter
1274 1422 1305 1478 et
1334 1435 1370 1478 ex

269 1529 379 1587 natura
408 1524 462 1602 rei,
478 1524 521 1588 ita
550 1534 586 1590 ut
615 1525 700 1589 nulla
723 1534 861 1592 creatura
886 1527 925 1591 ab
948 1527 1006 1591 hac
1028 1526 1096 1611 lege
1122 1549 1154 1590 se
1178 1525 1370 1591 substrahere

268 1655 415 1718 nmquam
431 1636 547 1720 possit3
570 1659 644 1722 ergo
658 1637 729 1702 finis
744 1639 853 1702 mundi
868 1645 916 1703 est
931 1638 1135 1704 manifestatio
1148 1636 1369 1723 perfectionum

268 1744 338 1810 Dei.

310 1861 364 1922 44.
387 1858 615 1943 Argumentum
644 1883 728 1926 nunc
756 1862 938 1948 expositum,
962 1885 1057 1948 quum
1083 1884 1119 1927 ex
1144 1862 1224 1927 facto
1251 1861 1291 1926 sit
1317 1860 1369 1926 de·

268 1969 406 2048 ductum,
431 1971 541 2036 sufficit
572 1995 604 2036 se
626 1973 690 2036 solo
712 1973 751 2036 ad
774 1972 1045 2038 demonstrandam
1066 1974 1176 2038 invicte
1198 1974 1367 2038 veritatem.

269 2079 328 2145 Sed
345 2080 416 2146 addi
432 2082 557 2168 insuper
571 2092 682 2168 potest,
698 2085 782 2170 quod
798 2084 943 2170 sapientis
958 2085 1116 2170 proprium
1137 2093 1183 2149 est
1201 2106 1369 2170 proponere

266 2192 325 2256 sibi
345 2194 438 2259 finem
462 2217 494 2259 se
516 2195 645 2280 dignum
667 2197 700 2261 in
724 2197 787 2262 suis
809 2196 962 2281 operibus.
1007 2197 1094 2261 Dens
1116 2205 1218 2261 autem
1249 2219 1368 2260 summe

265 2307 386 2390 sapiens
401 2307 522 2371 nullum
534 2309 626 2372 finem
639 2331 671 2372 se
683 2309 812 2393 dignum
824 2309 881 2373 sibi
892 2309 993 2393 potuit
1005 2330 1172 2393 proponere
1184 2307 1217 2370 in
1228 2307 1368 2386 creando,

264 2417 326 2481 nisi
340 2418 618 2485 manifestationem
633 2441 696 2484 suae
712 2419 916 2504 perfectionis.
962 2413 1065 2484 Primo
1085 2420 1168 2483 enim
1185 2441 1246 2482 non
1267 2419 1369 2504 potuit

265 2528 352 2593 Deus
372 2529 482 2595 adduci
500 2531 539 2595 ad
559 2531 675 2616 aliquid
690 2531 854 2596 volendum
873 2530 934 2596 nisi
953 2540 1079 2616 propter
1098 2553 1184 2594 suam
1199 2530 1367 2595 bonitatem

264 2646 301 2702 ut
316 2641 598 2706 communicabilem
615 2652 698 2706 extra
713 2665 755 2723 se,
771 2665 826 2706 seu
840 2650 876 2706 ut
891 2641 1071 2706 imitabilem
1086 2641 1119 2705 in
1134 2641 1232 2726 gradu
1247 2641 1368 2705 finitos

264 2752 420 2819 creaturis.
459 2753 600 2818 Secundo
615 2776 678 2818 non
693 2755 794 2840 putuit
809 2754 896 2819 Deus
911 2755 1063 2840 sapienter·
1078 2753 1153 2819 velle
1167 2753 1227 2823 nisi
1238 2753 1321 2838 quod
1332 2775 1368 2817 ex

264 2865 415 2929 creatione
424 2867 592 2930 necessario
601 2865 758 2950 sequitur:
782 2865 836 2931 sed
845 2889 880 2930 ex
890 2866 1040 2930 creatione
1049 2865 1218 2930 necessario
1230 2863 1368 2949 sequitur

264 2975 374 3042 divinae
388 2977 581 3061 perfectionis
596 2977 812 3056 manifestatio,
828 2985 863 3040 ut
879 2986 1039 3041 ostensum
1053 2985 1099 3040 est
1114 2998 1201 3040 num.
1216 2996 1306 3059 praee.

303 3090 360 3152 145.
384 3087 475 3165 Quod
499 3111 569 3153 vero
590 3088 701 3153 attinet
722 3088 761 3152 ad
784 3097 935 3153 creaturas
958 3087 1077 3167 liberas,
1098 3109 1126 3152 v.
1146 3109 1193 3171 gr.
1216 3085 1365 3164 homines,

263 3220 319 3282 pro
334 3199 446 3284 quibus
461 3200 585 3286 reliquae
599 3225 646 3266 res
662 3201 819 3266 sensibiles
837 3209 945 3266 creatae
965 3209 1049 3279 sunt,
1065 3222 1128 3263 non
1149 3199 1247 3263 solum
1262 3197 1364 3262 valent

262 3310 370 3376 omnia*
379 3312 440 3377 huc
454 3335 552 3398 usque
566 3312 657 3393 dieta,
670 3313 724 3378 sed
738 3312 797 3378 tria
812 3313 981 3398 specialiter
995 3311 1067 3378 addi
1083 3311 1206 3375 debent.
1251 3309 1366 3389 Primo,

263 3424 345 3508 quod
359 3446 456 3510 quum
470 3423 594 3509 reliqum
608 3435 752 3490 creaturae
770 3425 832 3488 sint
853 3423 1084 3488 manifestativas
1102 3423 1274 3487 divinarum
1296 3445 1366 3506 per·

261 3534 438 3615 fectionum,
454 3545 598 3600 creaturae
613 3535 843 3613 intellectuales,
859 3534 971 3620 quibus
989 3533 1194 3598 manifestatio
1214 3530 1364 3596 eiusmodi

263 3647 443 3727 destinatur,
458 3648 573 3713 habent
592 3648 740 3713 rationem
762 3649 833 3712 finis
848 3646 978 3732 proximi
993 3647 1031 3711 ad
1046 3668 1136 3731 quem
1154 3645 1277 3729 reliquae
1293 3643 1365 3707 diri-

262 3768 380 3845 guntur
391 3786 400 3840 3
431 3781 503 3824 nam
526 3783 581 3844 per
602 3759 808 3844 cognitionem
830 3757 1065 3844 perfectionum,
1089 3756 1201 3841 quibus
1222 3763 1366 3820 creaturae

261 3871 404 3956 quaelibet
422 3869 524 3935 Deum
547 3893 603 3934 suo
626 3870 717 3934 modo
738 3871 910 3949 imitantur,
928 3877 1066 3934 creatura
1087 3865 1243 3932 rationalis
1261 3866 1364 3930 Deum

261 3980 421 4066 glorificat,
437 3990 468 4045 et
485 3981 529 4046 sio
547 3991 661 4046 caetera
683 3990 827 4046 creaturae
844 4004 898 4067 per
913 3989 1082 4045 creaturam
1098 3978 1277 4043 rationalem
1294 3985 1364 4041 actu

1607 159 1613 386 t

260 4102 491 4176 consequuntur
501 4092 594 4155 finem
606 4091 645 4156 ad
657 4114 747 4177 quem
759 4102 866 4157 creatae
878 4099 961 4157 sunt.
1009 4089 1158 4169 Secundo,
1171 4087 1254 4175 quod
1268 4109 1365 4173 quum
1474 4095 1478 4104 '

259 4210 397 4268 creatura
411 4202 597 4268 intellectiva
611 4212 642 4268 et
659 4203 754 4269 libera
774 4205 814 4269 sit
834 4225 927 4289 capax
946 4201 1116 4266 honestatis
1134 4209 1165 4265 et
1183 4198 1365 4276 sanctitatis,

259 4312 292 4376 in·
318 4336 353 4378 ea
379 4313 483 4378 haberi
509 4323 608 4399 potest
634 4323 721 4379 tanto
747 4314 842 4379 maior
867 4311 1073 4378 manifestatio
1099 4311 1270 4376 divinarum
1295 4329 1364 4393 per-
