3222 4984
250 405 323 451 σεε.
340 387 396 472 11.]
694 409 737 452 nn
754 408 919 452 rnrrurro.
1287 380 1351 443 215

244 581 346 658 potest
371 575 437 660 ipra
461 574 553 640 series
576 575 697 639 infinita
720 597 820 640 carere
843 597 876 639 sa
897 573 983 659 ipsae
1017 579 1049 637 et
1071 570 1140 635 ideo
1163 589 1227 634 non
1250 572 1351 652 potest

254 686 439 751 considerari
453 686 544 752 series
558 686 624 771 ipsa
639 695 795 771 tamquam
810 685 948 751 accidens
960 684 1082 748 infiniti.

295 799 349 863 25.
376 799 502 862 Ohiieias
515 801 560 864 2⁰.
584 798 658 863 Pars
671 798 830 883 integrali·
840 797 948 882 nequit
959 819 1024 862 esse
1034 791 1237 861 accidentalis.
1268 790 1351 854 Nam

246 909 385 973 accidens
402 932 466 974 non
490 918 536 974 ειι
555 909 671 994 aliquid
685 910 843 994 integrans
857 918 1021 987 naturam
1043 904 1252 993 praesupponit
1265 901 1349 966 enim

247 1029 389 1085 naturam
403 1022 567 1105 integram.
611 1021 705 1106 Ergo.

288 1130 469 1215 Respondeo
489 1132 557 1195 dist.
573 1140 637 1196 unt.
659 1131 693 1195 in
711 1131 787 1196 serie
804 1131 892 1196 finita
906 1154 986 1196 eoae.
1002 1138 1076 1209 aot,
1092 1129 1124 1192 in
1140 1127 1215 1191 aeria
1230 1123 1349 1188 infinita

246 1265 276 1306 a.
293 1251 367 1321 ant,
383 1243 455 1327 quia
470 1241 628 1307 deficiente
643 1264 705 1306 nna
724 1250 798 1306 nota
811 1242 994 1327 integranta,
1010 1241 1102 1306 series
1123 1238 1244 1303 infinita
1264 1257 1350 1320 aeque

248 1353 420 1438 integratur
437 1375 493 1438 per
515 1362 620 1419 notam
639 1354 885 1439 subsequentem,
901 1362 938 1418 ut
957 1352 1176 1438 rigorosissinre
1190 1358 1348 1414 ostensum

248 1473 303 1529 εει.
350 1465 451 1529 Immo
466 1465 526 1530 diei
541 1474 644 1550 posset
659 1464 743 1549 quod
761 1465 916 1532 infinitum
934 1465 997 1530 sola
1020 1487 1074 1529 sua
1096 1462 1248 1527 infinitate
1269 1461 1348 1522 inte-

247 1585 364 1660 gratur,
377 1599 472 1661 quum
485 1575 607 1661 singula
618 1577 705 1641 finita
716 1577 749 1640 in
761 1600 796 1642 eo
811 1577 972 1642 existentia
982 1599 1045 1641 non
1056 1575 1189 1639 habeant
1199 1571 1349 1636 rationem

247 1689 342 1772 partia
360 1689 474 1768 stricte,
490 1697 526 1753 ut
546 1689 626 1753 inira
642 1689 852 1774 explieabitur.
897 1688 949 1753 Ad
971 1687 1182 1774 probationem
1200 1684 1269 1748 diat.
1286 1689 1348 1745 unt.

248 1800 387 1865 accidens
402 1823 465 1865 non
480 1809 526 1865 est
541 1801 657 1886 aliquid
671 1801 828 1885 integrans
843 1808 984 1865 naturam
1000 1799 1090 1864 unico
1105 1796 1196 1862 modo
1215 1795 1349 1876 integra·

246 1912 339 1976 bilem
354 1936 378 1977 a.
395 1921 468 1991 unt,
483 1921 626 1977 naturam
640 1912 780 1997 pluribus
795 1912 894 1976 modis
909 1934 995 1998 aeque
1008 1907 1221 1998 integrabilem
1239 1930 1270 1969 n.
1285 1913 1348 1968 unt.

250 2024 300 2088 Ad
314 2025 463 2088 rationem
477 2023 613 2089 additam
625 2047 704 2088 eone.
717 2033 779 2089 unt.
791 2024 983 2108 nequeenim
993 2023 1065 2087 inde
1076 2019 1191 2106 aliquid
1203 2017 1350 2102 sequitur,

248 2133 310 2198 nisi
330 2133 413 2218 quod
432 2142 551 2214 natura,
573 2157 641 2219 quae
662 2135 723 2199 iam
741 2143 806 2200 erat
825 2136 946 2219 integra
965 2134 1020 2198 tali
1039 2132 1141 2211 modo,
1160 2130 1269 2214 accipit
1286 2149 1351 2191 esse

249 2244 400 2327 integram
412 2266 492 2309 novo
503 2245 595 2309 modo
606 2245 832 2310 accidentaliter
840 2269 850 2324 3
873 2245 980 2330 recipit
991 2244 1074 2308 enirn
1085 2241 1201 2327 aliquid
1216 2239 1274 2304 sibi
1288 2261 1351 2303 non

250 2356 472 2420 necessarium:
495 2355 578 2441 quod
600 2365 705 2421 tamen
728 2357 852 2441 qnando
876 2358 910 2421 in
932 2380 968 2420 ea
991 2364 1102 2420 natura
1117 2361 1274 2438 receptum
1294 2359 1351 2429 est,

249 2466 433 2532 considerari
447 2468 539 2533 debet
554 2478 588 2534 ut
604 2468 721 2554 aliquid
735 2469 811 2548 eius,
828 2470 967 2554 quamvis
982 2491 1045 2532 non
1061 2468 1101 2532 ait
1115 2467 1182 2531 eius
1200 2488 1270 2552 pers
1281 2485 1352 2550 pro-

249 2579 438 2664 portionalia.
482 2580 566 2664 Ergo
580 2579 614 2643 in
630 2581 706 2645 serie
720 2580 841 2645 infinita
855 2580 997 2666 quaelibet
1012 2601 1082 2665 pars
1096 2578 1184 2643 finita
1198 2586 1244 2641 est
1260 2574 1349 2641 simul

251 2689 445 2755 accidentalis
460 2699 491 2756 et
505 2691 673 2776 integralis.

295 2802 362 2866 Neo
385 2802 425 2867 ad
445 2803 504 2867 hoo
526 2802 760 2887 intelligendum
787 2802 898 2868 desunt
922 2802 1059 2888 exempla
1081 2803 1114 2867 in
1137 2800 1229 2867 rebus
1245 2799 1349 2864 finitis.

253 2912 304 2976 Sic
327 2912 459 2978 habetur
484 2913 605 2998 integra
628 2915 805 2980 humanitus
831 2915 864 2979 in
888 2937 1003 3000 puero:
1027 2937 1090 3004 quo
1111 2913 1182 2979 dein
1205 2913 1239 2976 in
1254 2913 1353 2977 vnum

251 3033 414 3104 crescente,
441 3025 505 3089 eius
530 3025 707 3091 humanitas
733 3047 796 3090 non
820 3027 857 3090 fit
883 3027 981 3110 magis
1004 3026 1124 3110 integra
1149 3047 1242 3110 quam
1267 3023 1353 3109 prius

251 3135 354 3215 suerit,
370 3135 441 3200 licet
456 3136 601 3222 suscipiat
615 3146 818 3222 augmentum
832 3138 977 3202 materiae.
1023 3137 1120 3202 Cuius
1133 3136 1211 3201 ratio
1222 3143 1268 3200 est
1282 3134 1355 3220 quia

251 3246 427 3311 humanitas
441 3246 573 3312 habetur
587 3268 641 3332 per
650 3247 759 3312 animae
769 3247 929 3312 rationalis
938 3248 1183 3312 terminationem
1194 3245 1234 3311 ad
1245 3268 1354 3331 corpus

251 3359 429 3442 organicum
450 3360 513 3424 sive
535 3360 593 3424 hoo
610 3359 679 3424 sive
700 3359 796 3424 illud:
820 3368 851 3424 et
869 3359 939 3424 ideo
957 3368 1021 3425 tarn
1039 3368 1086 3424 est
1099 3369 1166 3424 tota
1179 3359 1355 3422 humanitas

252 3469 285 3532 in
300 3469 431 3554 pigmaao
445 3492 538 3554 quarn
557 3470 591 3534 in
612 3470 747 3555 gigante.
795 3471 895 3534 Simili
916 3471 979 3535 iere
995 3469 1088 3534 modo
1106 3470 1271 3534 infinitndo
1291 3491 1356 3533 non

252 3581 288 3644 fit
303 3581 401 3664 magis
415 3581 547 3667 integra,
564 3581 589 3646 ri
604 3583 681 3667 quid
694 3582 818 3646 finitum
834 3581 965 3646 addatur
973 3606 983 3660 ;
1006 3604 1078 3645 narn
1094 3581 1173 3645 ratio
1192 3581 1356 3645 intrinseca

252 3692 458 3756 infinitudinis
482 3701 529 3756 est
551 3693 651 3757 forma
667 3693 783 3758 altioris
803 3692 920 3757 ordinis
941 3702 971 3756 et
993 3693 1170 3756 indifferens
1190 3691 1230 3756 ad
1248 3691 1355 3776 reeipi-

253 3802 364 3867 endam
389 3801 625 3886 integrationem
648 3804 728 3868 hane
756 3802 911 3869 velillum
936 3826 955 3867 a
978 3805 1118 3868 terminis
1143 3802 1248 3867 finitis.
1295 3802 1355 3867 sed

254 3913 343 3993 sieut,
358 3913 386 3976 si
399 3912 555 3978 tolleretur
569 3915 762 3998 organismos
777 3914 911 4000 eorporis¹
925 3915 973 3980 vel
986 3916 1088 4000 ipsum
1108 3938 1228 4001 corpus,
1244 3915 1356 4001 periret

252 4024 355 4103 homo,
380 4023 424 4089 ita
449 4023 477 4087 si
498 4023 656 4089 tolleretur
681 4033 747 4090 tota
771 4026 901 4090 materia
926 4026 1022 4106 seriei,
1048 4027 1160 4111 periret
1188 4027 1355 4091 infinitum·

254 4134 475 4200 Concludimus
500 4133 597 4219 igitur
620 4135 704 4220 quod
729 4137 831 4200 unitas
854 4136 888 4200 in
914 4137 990 4202 serie
1015 4138 1136 4202 infinita
1155 4146 1289 4223 estpars
1309 4139 1356 4203 in·

253 4245 377 4330 tegralis
392 4243 605 4312 accidentalis:
628 4245 833 4327 accidentalia,
849 4248 921 4333 quia
935 4249 1017 4313 salva
1030 4258 1140 4313 natura
1155 4249 1242 4312 seriei
1257 4259 1357 4335 potest

254 4379 319 4421 esse
342 4365 373 4422 et
396 4377 459 4440 non
483 4379 569 4422 esse:
593 4357 762 4441 integralis,
778 4357 859 4442 quia,
874 4358 946 4424 lieet
969 4359 1061 4424 series
1085 4382 1149 4424 non
1171 4383 1238 4424 earn
1260 4360 1357 4425 deter-
