3240 4986
242 372 313 417 csr.
332 353 372 438 a]
552 373 595 417 nu
611 373 756 418 remora
772 374 831 418 our
847 374 885 420 ru
904 372 1035 418 annno.
1284 349 1342 412 151

241 557 260 600 a
275 535 454 602 constituto.
497 533 565 609 Nec
578 536 680 616 refert,
691 537 780 626 ⁸quod
802 539 948 602 manente
962 532 1142 614 substantia,
1157 532 1238 598 color
1252 529 1349 617 possit

243 649 365 713 mutari.
410 647 492 712 Nam
508 648 534 712 si
546 648 715 712 substantia
730 648 864 714 sumitur
880 646 984 713 stricte
998 668 1054 733 pro
1067 643 1197 731 simplici
1211 641 1348 728 quolibet

242 760 403 840 elemento,
413 759 535 824 nullum
543 760 636 824 habet
651 759 792 839 colorem,
804 782 861 825 nec
872 759 983 824 babere
997 766 1117 844 potest:
1137 757 1163 820 si
1173 777 1244 821 vero
1253 752 1348 819 sumi·

243 881 296 936 tur
313 895 368 958 pro
383 881 493 936 natura
513 871 706 936 substantiali
725 871 903 956 composita,
919 879 995 935 tunc
1016 892 1078 935 non
1093 877 1195 955 potest
1210 862 1348 932 absolute

244 985 357 1048 mutari
367 983 459 1064 color,
473 984 535 1047 nisi
550 982 596 1049 vel
611 1005 688 1048 nova
706 983 878 1048 substantia
892 982 1009 1068 operiat
1029 981 1219 1066 superficiem
1234 978 1348 1044 colora·

244 1106 319 1177 tam,
334 1097 381 1162 vel
396 1104 534 1163 mutetur
547 1097 780 1162 constitutivum
795 1096 878 1162 illius
892 1105 1011 1161 naturae
1027 1093 1243 1172 determinata,
1254 1091 1288 1155 id
1302 1098 1349 1154 est

244 1232 341 1274 nexus
349 1209 494 1293 partium,
506 1231 593 1294 aquo
608 1217 654 1274 est
667 1208 804 1294 specialis
816 1208 975 1294 dispositio
989 1207 1028 1272 ad
1036 1206 1201 1292 quamdam
1217 1203 1346 1289 speeiem

246 1320 463 1386 vibrationum.

290 1433 330 1497 In
347 1432 445 1498 forma
466 1431 563 1517 igitur
580 1434 648 1497 dist.
665 1441 727 1498 cat.
744 1431 883 1497 accidens
906 1438 954 1496 est
976 1430 1089 1496 entitas
1111 1427 1232 1494 realiter
1255 1433 1351 1491 meta·

246 1544 371 1630 physice
396 1543 540 1609 distinete
563 1567 582 1610 a
605 1543 776 1609 substantia
801 1544 950 1610 abstracte
976 1542 1164 1610 considerata
1179 1562 1258 1604 cerac
1275 1544 1348 1614 aot,

248 1655 388 1721 accidens
410 1665 457 1721 est
476 1657 589 1721 entitas
606 1657 727 1721 realiter
744 1657 866 1741 physice
885 1655 1029 1721 distincta
1050 1651 1257 1738 asubstantia
1277 1669 1351 1714 con·

247 1775 338 1847 creta,
354 1767 441 1832 cirins
463 1775 510 1832 est
524 1767 664 1832 accidens
685 1791 716 1831 a.
732 1776 794 1832 aar.
809 1777 840 1831 et
855 1789 934 1834 cone.
978 1765 1029 1831 Ad
1048 1765 1258 1850 probationem
1269 1753 1350 1826 'con-

248 1879 404 1964 sequentis
418 1902 498 1944 eone.
512 1881 591 1944 Mai.
601 1880 749 1944 dietario.
766 1877 938 1943 substantia
952 1878 1057 1943 eadem
1072 1883 1175 1942 manet
1186 1875 1219 1938 in
1234 1873 1352 1938 ratione

247 1991 386 2074 specifica
401 1990 582 2054 substantie
597 2013 677 2055 cone.
693 1991 776 2067 mie,
792 1997 897 2056 manet
918 1988 1025 2054 eadem
1047 1987 1081 2051 in
1097 1989 1215 2051 ratione
1234 1991 1352 2048 naturae

249 2100 459 2166 substantialis
484 2123 613 2166 numero
636 2101 729 2166 haias
753 2123 819 2186 aeq.
843 2103 912 2165 mia.
932 2109 963 2166 et
979 2123 1009 2165 a.
1030 2123 1110 2164 cona.
1154 2094 1352 2162 Conservatio

249 2213 332 2277 enim
355 2214 457 2278 divina
474 2235 537 2279 non
560 2222 607 2277 est
621 2212 808 2278 conservatio
830 2213 909 2278 entis
932 2211 1133 2299 metaphysiei
1147 2210 1201 2275 sed
1222 2206 1351 2297 physici,

252 2334 286 2388 ut
301 2347 394 2410 supra
408 2325 594 2389 monuimus.
1105 2396 1109 2401 ,

295 2440 327 2500 9.
350 2436 529 2501 Notandum
541 2449 645 2500 tamen
659 2443 706 2499 est
719 2435 778 2499 hoc
791 2434 869 2513 loeo,
881 2456 921 2498 ne
935 2433 1005 2519 quis
1019 2431 1260 2498 errandi'ansam
1275 2429 1352 2495 acci·

251 2547 325 2631 piat,
338 2569 373 2611 ea
387 2569 455 2632 quse
469 2545 601 2610 diximus
616 2545 654 2610 de
668 2544 766 2611 colore
780 2554 812 2610 et
826 2545 892 2610 aliis
908 2544 1107 2630 qualitatibus
1118 2543 1216 2608 valere
1231 2550 1353 2605 tautum

251 2659 375 2742 quando
399 2659 501 2742 agitur
526 2657 651 2743 praecise
676 2657 714 2721 de
734 2657 836 2722 divina
861 2656 1098 2737 conservatione,
1116 2678 1178 2721 non
1204 2661 1307 2744 autem
1328 2653 1354 2716 si

252 2778 362 2853 agatur
376 2768 414 2833 de
434 2769 535 2834 divino
555 2791 714 2834 concursu.
760 2769 850 2833 Ratio
865 2778 921 2848 est,
937 2767 1011 2853 quia
1028 2767 1106 2832 illud
1121 2767 1204 2852 quod
1224 2765 1354 2830 dicimus

253 2881 386 2960 colorem,
400 2902 463 2944 non
478 2879 618 2945 consistit
632 2879 753 2944 realiter
765 2879 799 2942 in
814 2879 946 2964 quadam
962 2880 1090 2944 entitate
1103 2878 1230 2966 physica
1243 2878 1353 2942 immo·

178 2991 179 2994 ’
254 2991 470 3060 biliafficiente
488 2992 578 3056 aliam
593 2991 763 3070 entitatem,
779 2991 832 3055 sed
851 2991 991 3056 consistit
1006 2992 1039 3054 in
1055 2991 1238 3077 quibusdam
1254 2990 1353 3054 deter-

254 3103 473 3166 minationibus
498 3101 602 3167 activis
624 3109 656 3167 et
680 3102 808 3186 passivis
829 3102 868 3167 ad
891 3112 994 3172 motus
1015 3103 1126 3168 locales
1147 3101 1353 3181 maleculares,

255 3215 308 3298 qui
332 3224 434 3278 motus
456 3222 613 3300 nequeunt
638 3213 713 3293 fieri,
737 3222 773 3279 ut
797 3214 942 3294 dicemus,
967 3215 1033 3278 sine
1062 3237 1212 3279 concursu
1241 3213 1353 3278 divino.

255 3325 358 3402 Quare
378 3325 405 3389 si
426 3325 509 3390 color
523 3325 631 3390 debeat
652 3325 752 3390 aDeo
773 3327 952 3405 conservari,
966 3325 1193 3390 conservabitur
1214 3347 1268 3408 per
1282 3345 1355 3388 eon-

254 3437 457 3501 tinuationem
491 3457 666 3516 concursus,
696 3459 757 3521 qua
792 3437 893 3520 posita
926 3436 1189 3501 continuabuntur
1220 3435 1354 3500 actiones

255 3547 452 3612 moleculares
473 3556 505 3611 et
526 3555 639 3611 motus.
685 3547 794 3611 Motus
812 3548 904 3627 eninr,
920 3557 956 3612 ut
977 3571 1068 3632 supra
1091 3547 1273 3632 explicatum
1296 3555 1353 3627 est,

255 3682 352 3744 quum
382 3681 501 3743 semper
526 3659 566 3722 sit
591 3658 624 3722 in
649 3658 724 3738 fieri,
745 3681 915 3744 numquam
940 3669 1135 3724 conservatur
1160 3660 1274 3738 stricte,
1301 3658 1355 3723 sed

255 3770 453 3834 continuatur
473 3792 528 3854 per
549 3771 810 3834 continuationem
833 3769 970 3836 actionis.
1016 3771 1057 3834 Et
1078 3770 1147 3835 ideo
1168 3772 1355 3835 conservatio

257 3881 392 3967 colorum
414 3903 477 3945 non
499 3881 556 3946 erit
574 3882 696 3966 proprie
718 3882 799 3946 dicta
820 3882 1016 3962 conservatio,
1032 3882 1087 3947 sed
1108 3881 1266 3947 resultatio
1283 3903 1354 3946 eon-

257 4013 365 4056 eursus
392 3991 486 4056 divini
509 4015 580 4056 eum
605 4015 696 4058 eausa
721 4003 821 4058 ereata
843 3994 882 4058 ad
905 3993 1116 4078 producendos
1139 4003 1249 4058 motus.
1296 3992 1356 4057 Sed
1408 3997 1411 4006 '

257 4103 377 4188 antiqui
398 4102 582 4188 philosophi,
597 4103 652 4188 qui
669 4103 799 4169 colorem
821 4113 852 4169 et
871 4104 944 4169 alias
967 4105 1128 4190 qualitates
1148 4104 1356 4190 concipiebant

259 4224 294 4277 ut
316 4213 431 4298 aliquid
451 4213 489 4277 de
512 4237 543 4278 ae
565 4213 730 4294 immobile,
757 4237 820 4278 non
841 4214 1088 4280 irrationabiliter
1112 4215 1291 4294 inferebant,
1307 4239 1357 4280 eas

258 4347 324 4390 esse
344 4325 460 4410 aliquid
475 4325 513 4390 de
535 4349 566 4390 se
587 4326 806 4392 conservabile:
830 4327 1018 4412 quodetiam
1041 4350 1123 4393 nunc
1138 4329 1261 4414 plurimi
1285 4330 1358 4394 ima-
