3240 4986
210 381 285 426 car.-
300 359 342 449 n]
660 379 709 426 ,na
726 380 856 424 nunno.
1270 360 1314 422 93

210 556 243 612 et
256 554 438 631 conceptum
455 543 546 630 spatii
560 544 648 611 vacui
663 545 793 610 credunt
807 567 870 609 non
892 566 958 609 esse
972 545 1032 610 nisi
1046 544 1149 610 lusum
1165 545 1313 630 imagina-

209 658 302 724 tionis
328 655 493 722 tribuentis
517 656 681 742 quamdam
703 656 843 721 fictitiam
863 655 1030 722 realitatem
1058 657 1216 743 recipienti
1238 657 1314 722 ima·

210 769 329 855 ginario
343 749 473 855 propter
483 767 652 832 realitatem
666 767 720 847 rei,
736 789 805 852 quse
818 767 931 832 dicitur
945 775 1074 852 recepta.

253 879 405 967 Equidem
428 901 491 944 non
506 880 594 945 video
614 879 768 965 quomodo
788 879 842 965 qui
860 879 941 944 hanc
955 878 994 944 de
1013 879 1112 965 spatio
1131 879 1314 945 sententiam

211 999 328 1071 tenent,
342 990 532 1076 pantheistas
556 990 836 1055 transcendentales
854 990 1013 1055 efficaciter
1031 991 1165 1056 refutare
1183 993 1314 1077 possint.

212 1105 293 1168 Nam
320 1126 356 1168 ex
381 1103 438 1167 hac
467 1103 534 1187 ipsa
563 1103 715 1167 sententia
743 1100 887 1167 videntur
915 1103 1098 1189 pantheistae
1126 1104 1315 1169 occasionem

211 1215 361 1299 accepisse
397 1213 535 1298 fingendi
566 1213 670 1278 Deum
704 1222 861 1298 tamquam
894 1213 1012 1300 aliquid
1044 1214 1313 1281 indeterminatum

212 1349 331 1392 summe
353 1323 594 1404 determinabile,
618 1325 761 1411 quodque
783 1346 845 1389 non
871 1325 1024 1410 cogitatur
1049 1327 1174 1390 omnino
1197 1336 1233 1392 ut
1260 1327 1314 1392 ali-

211 1437 297 1524 quid,
323 1436 383 1501 nisi
408 1435 481 1521 quia
506 1435 641 1500 existam
666 1435 819 1500 realitates
845 1435 1009 1501 mundanae
1031 1443 1188 1523 tamquam
1215 1438 1314 1502 deter-

212 1548 404 1626 minationes,
420 1569 498 1631 qnae,
515 1546 620 1610 statim
643 1568 677 1610 ac
697 1546 886 1640 recipiuntur
905 1546 938 1611 in
958 1569 993 1611 ea
1014 1548 1153 1632 potentia
1172 1548 1314 1612 determi-

212 1659 317 1739 nabili,
334 1658 409 1723 dant
424 1658 637 1742 imaginationi
651 1657 887 1722 fundamentum
901 1658 1058 1724 tribuendi
1072 1659 1240 1724 realitatem
1255 1659 1314 1745 ipsi

212 1770 357 1857 potentiae·
379 1769 546 1855 recipienti.
590 1769 643 1833 Ad
661 1770 720 1834 hoc
742 1769 824 1834 enim
843 1769 962 1835 videtur
983 1769 1088 1836 reduci
1107 1772 1191 1857 quod
1213 1771 1314 1857 Hegel

211 1883 382 1968 profitetur,
407 1905 505 1946 reram
530 1903 641 1966 nempe
663 1881 854 1945 evolutionem
876 1903 935 1945 noa
959 1904 1021 1946 esse
1042 1884 1101 1947 nisi
1125 1883 1315 1949 evolutionem

212 1996 305 2079 ipsias
313 1971 383 2073 Dei,
396 1996 448 2078 qui
455 1995 580 2078 proprie
593 1995 855 2064 noocomtitaitur
867 1995 926 2058 nisi
933 2016 991 2077 per
1004 1996 1192 2060 successivam
1206 1999 1316 2060 eatam

206 2105 363 2190 finitorum
377 2105 609 2190 explicationem.
656 2103 803 2168 Similiter
824 2103 936 2168 adhoc
954 2103 1110 2170 reducitur
1124 2107 1207 2191 quod
1227 2108 1314 2173 docet

214 2216 381 2301 schelling,
396 2239 507 2302 nempe
524 2217 702 2281 Absolutum
722 2217 820 2300 quood
835 2217 1029 2280 indolentiam
1046 2218 1121 2282 idem
1139 2242 1257 2284 munem
1278 2243 1316 2284 ea

212 2330 353 2414 implicito
378 2330 481 2394 dedere
497 2327 570 2410 fieri
589 2329 768 2412 explicam,
783 2336 813 2393 et
834 2329 965 2412 iadipere
985 2350 1017 2392 se
1039 2329 1216 2394 multimodis
1225 2340 1314 2414 pate·
1413 2347 1414 2350 ’

207 2439 311 2524 secere
325 2460 390 2503 cum
412 2447 492 2502 certo
508 2439 570 2522 lepe
583 2439 752 2503 necessarie
769 2440 969 2522 oppositionis,
985 2461 1017 2503 eo
1033 2441 1113 2523 quod
1121 2440 1243 2525 finitam
1257 2465 1316 2507 non

212 2553 270 2616 aiei
277 2573 336 2635 per
350 2549 569 2634 oliodfimitam,
581 2551 660 2634 qaod
671 2551 731 2634 iprai
745 2551 921 2630 advocetur,
933 2553 1047 2636 compi
1054 2555 1172 2636 possit3
1195 2555 1315 2620 videtur

211 2663 295 2728 enim
317 2662 367 2727 hic
389 2661 536 2747 loquendi
558 2661 669 2726 modus
688 2661 767 2725 nihil
785 2660 871 2726 aliud
891 2683 967 2741 esse,
987 2662 1049 2726 nisi
1069 2685 1172 2728 earum
1194 2688 1315 2751 expres·

213 2775 345 2855 sionum,
360 2772 473 2859 quibus
495 2773 591 2858 aliqui
607 2796 670 2838 non
685 2781 765 2838 recte
787 2773 938 2858 despatio
960 2773 1100 2840 absoluto
1115 2775 1209 2841 locuti
1231 2787 1313 2859 sunt,

213 2885 252 2950 ad
273 2886 463 2971 loquendum
484 2885 522 2950 de
539 2893 611 2949 ente
632 2883 783 2964 absoluto,
798 2907 852 2950 seu
874 2885 951 2964 Deo,
967 2885 1135 2952 translatio.
1178 2888 1313 2968 Etenim,

213 2997 313 3076 sicuti,
328 2998 415 3062 iuxta
438 2996 568 3061 formam
593 2996 740 3081 loquendi
759 2996 869 3061 talium
891 2997 1154 3083 philosophorum,
1169 2999 1204 3064 in
1227 2999 1315 3065 inde·

211 3109 426 3174 terminatione
450 3107 542 3192 spatii
564 3117 611 3173 est
635 3107 842 3192 potentialitas
866 3108 966 3172 omnis
987 3109 1103 3194 figurae,
1124 3123 1155 3176 et
1181 3113 1314 3196 spatium

212 3241 275 3304 non
302 3218 472 3304 concipitur
495 3241 560 3283 esse
584 3218 700 3303 aliquid
721 3217 800 3283 reale
823 3219 1010 3304 explicitum,
1025 3220 1086 3285 nisi
1107 3221 1140 3285 in
1164 3233 1314 3308 quantum
1420 3287 1423 3294 ,

212 3341 284 3397 actu
302 3330 523 3396 determinatur
538 3353 556 3394 a
570 3330 747 3414 corporibus
766 3353 820 3416 per
834 3331 976 3416 figuram,
990 3356 1009 3397 a
1023 3356 1085 3419 qua
1103 3335 1212 3419 accipit
1227 3336 1315 3400 reali-

212 3454 318 3523 tatem,
333 3454 369 3507 ut
394 3442 453 3529 ipsi
480 3441 605 3521 dicunt,
627 3442 670 3506 ita
693 3442 727 3505 in
749 3442 1036 3508 indeterminatione
1057 3455 1088 3510 et
1111 3446 1315 3513 indifferentia

212 3555 355 3620 Absoluti
379 3553 592 3638 schellingiani
617 3563 664 3617 est
686 3553 895 3637 potentialiter
916 3555 1016 3619 omnis
1040 3559 1120 3621 entis
1142 3558 1268 3638 relativi,
1283 3569 1315 3625 et

211 3667 398 3760 Absolutum
413 3687 476 3730 non
493 3664 665 3749 concipitur
684 3687 749 3729 esse
766 3664 884 3750 aliquid
902 3666 982 3731 reale
1000 3667 1185 3752 explicitum,
1201 3670 1262 3733 nisi
1281 3671 1315 3735 in

212 3788 363 3864 quantum
385 3786 456 3842 actu
471 3776 691 3841 determinatur
712 3798 768 3860 per
786 3777 994 3862 oppositiones
1016 3787 1140 3844 mutuas
1157 3780 1314 3844 finitorum

212 3891 250 3956 ad
265 3890 360 3955 finita
407 3889 493 3954 Licet
515 3888 597 3954 enim
613 3887 771 3974 Schelling
792 3889 874 3953 dicat
889 3913 975 3955 suam
996 3893 1139 3956 rationem
1154 3895 1315 3958 absolutam

212 4025 272 4068 ease
286 3981 403 4082 realem,
413 4001 507 4065 immo
522 4000 615 4066 solam
628 4000 802 4080 realitalmn,
814 4010 922 4066 caetera
933 4025 1002 4067 vero
1016 4025 1079 4067 non
1095 4026 1160 4068 esse
1174 4004 1234 4068 nisi
1249 4005 1315 4070 eius

211 4113 359 4178 realitatis
383 4111 588 4197 apparitiones
611 4133 645 4175 ac
671 4112 930 4178 manifestationes
957 4121 1160 4193 transeuntes,
1184 4115 1315 4199 aequiva-

210 4226 309 4291 lenter
323 4231 428 4289 tamen
443 4224 531 4288 docet
541 4245 608 4287 eam
623 4223 773 4287 rationem
792 4223 962 4288 absolutam
978 4246 1040 4287 non
1055 4223 1167 4289 habere
1182 4225 1314 4311 aliquam

212 4337 381 4402 realitatem
397 4335 457 4400 nisi
475 4335 641 4400 realitatem
666 4357 790 4399 suarum
805 4335 1041 4420 apparitionum,
1057 4357 1153 4420 quum
1168 4345 1199 4400 et
1213 4345 1316 4402 teneat
1409 4403 1416 4418 ‚
