3212 4986
263 349 266 356 '
287 337 328 401 16
772 362 813 403 nn
830 361 904 405 nno.
1264 344 1348 427 [cir.
1366 367 1389 412 1.

285 537 403 594 constat
425 551 461 592 ex
475 549 511 593 eo
532 528 613 613 quod
636 551 727 594 omne
747 531 930 615 contingens
945 530 986 596 sit
1008 531 1165 597 mutabile.
1211 533 1303 610 Quod
1318 557 1387 598 vero

283 663 338 705 ens
353 641 556 706 necessarium
571 639 611 704 sit
625 640 721 719 Deus,
738 663 830 726 supra
851 650 1008 706 ostensum
1023 652 1080 722 est,
1095 665 1191 728 quum
1212 666 1266 708 ens
1281 667 1384 708 neees-

284 751 397 818 sarium
413 753 453 817 sit
471 751 608 818 absolute
623 752 789 818 infinitum.

329 868 380 929 15.
403 863 494 942 Item,
521 863 612 928 datur
637 862 722 929 loeus
748 873 779 928 et
808 863 975 929 loeabilitas
986 893 996 946 3
1020 888 1093 950 ergo
1122 866 1224 930 existit
1248 890 1303 932 ens
1328 869 1386 932 im·

284 997 435 1055 mensum,
450 975 651 1055 immutabile,
666 976 881 1058 necessarium,
894 998 948 1040 seu
963 977 1058 1041 Deus.
1103 976 1298 1043 Antecedens
1313 1001 1384 1043 eon-

283 1096 365 1166 stat;
387 1088 535 1172 probatur
549 1110 747 1173 consequens.
793 1088 893 1152 Locus
915 1089 1022 1174 nequit
1037 1111 1101 1154 esse
1124 1090 1190 1154 sine
1205 1090 1350 1155 distantia
1367 1114 1384 1154 a

283 1209 399 1284 puncto
414 1200 453 1264 ad
474 1210 645 1286 punctum,
668 1199 813 1264 distantia
832 1211 933 1264 autem
950 1210 996 1265 est
1014 1201 1120 1266 relatio
1135 1203 1223 1268 realis
1241 1205 1321 1268 inter
1334 1207 1384 1268 abi

283 1320 313 1375 et
328 1313 379 1375 ubi
394 1311 545 1375 distincta.
590 1310 687 1394 Atqui
701 1310 936 1374 fundamentum
955 1310 1109 1376 relationis
1132 1313 1211 1377 inter
1225 1315 1275 1377 ubi
1289 1323 1320 1378 et
1334 1317 1384 1378 uti

283 1420 428 1485 distincta
449 1420 555 1506 nequit
574 1443 639 1485 esse
658 1419 773 1506 aliquid
795 1420 879 1504 quod
897 1419 1008 1485 habeat
1024 1424 1075 1486 ubi
1096 1431 1127 1486 et
1148 1424 1199 1486 aot
1221 1423 1382 1502 distineta;

282 1553 355 1616 ergo
370 1530 447 1595 illud
461 1530 549 1609 reale,
561 1531 594 1594 in
609 1553 671 1616 quo
682 1531 831 1595 fundatur
845 1531 949 1595 relatio
965 1532 1126 1612 distantiae,
1138 1535 1186 1599 vel
1200 1536 1277 1600 ratio
1293 1536 1383 1620 spatii

281 1642 408 1722 relativi,
417 1665 480 1706 non
495 1651 541 1706 est
555 1643 588 1706 in
603 1644 654 1707 eoi
668 1651 699 1706 et
713 1644 764 1706 ubi
780 1643 933 1724 distincte,
946 1645 998 1709 sed
1013 1654 1060 1709 est
1075 1645 1108 1709 in
1123 1647 1255 1730 quodam
1269 1649 1320 1712 ati
1334 1647 1382 1712 sui

281 1754 411 1839 generis,
441 1753 537 1818 euius·
558 1755 655 1818 virtus
685 1754 837 1819 sufficiens
866 1765 913 1820 est
942 1756 981 1821 ad
1003 1755 1197 1823 fundandum
1224 1758 1380 1843 quodlibet

281 1866 414 1950 spatium
436 1865 607 1944 relativum,
621 1865 655 1929 id
676 1875 723 1930 est
745 1866 846 1931 existit
861 1875 962 1932 totum
984 1867 1099 1953 ubique
1114 1870 1179 1934 sine
1201 1871 1263 1935 ulla
1278 1871 1380 1936 ubiea-

279 1975 399 2041 tionum
416 1976 621 2042 vicissitudine
635 1985 689 2040 aut
709 1976 924 2056 distinotione3
947 1978 1030 2063 quod
1044 1988 1091 2042 est
1106 2002 1171 2044 esse
1184 1980 1379 2046 immensum.

280 2087 386 2154 Minor
408 2086 530 2174 probari
555 2095 657 2171 potest
683 2087 761 2152 sient
783 2087 817 2151 in
842 2097 1023 2172 argumento
1045 2089 1243 2174 praeeedente.
1289 2090 1380 2168 Quod

279 2210 382 2264 autem
401 2199 586 2264 immensum
604 2200 643 2263 sit
660 2199 861 2278 immutabile,
877 2209 1014 2278 constat;
1037 2201 1109 2285 quia
1128 2201 1314 2266 immensum
1334 2212 1380 2267 est

278 2320 380 2376 totum
395 2311 528 2396 ubique:
550 2311 637 2396 atqui
652 2311 834 2375 immensum
850 2320 897 2375 est
911 2311 1067 2375 infinitum
1075 2337 1085 2390 5
1108 2335 1180 2396 ergo
1195 2313 1379 2378 immensum

277 2433 324 2489 est
353 2423 509 2488 infinitum
538 2421 661 2506 ubique,
683 2431 715 2486 et
744 2422 811 2487 ideo
841 2422 934 2487 habet
964 2413 1078 2508 ubique
1107 2423 1257 2509 quidquid
1286 2424 1378 2490 babet

277 2536 398 2615 alieubi,
414 2544 445 2598 et
465 2535 530 2598 vice
555 2556 650 2598 versa.
695 2533 728 2597 Si
751 2557 823 2617 ergo
845 2557 900 2598 ens
922 2535 1107 2599 immensum
1129 2535 1242 2599 mutari
1263 2545 1375 2621 posset,

277 2656 448 2712 mutaretur
469 2646 583 2729 ubique
598 2646 676 2708 sieut
699 2655 869 2709 mutaretur
888 2645 1008 2726 alieubi,
1024 2646 1056 2710 id
1071 2655 1118 2711 est
1141 2657 1310 2711 mutaretur
1324 2670 1379 2732 per

275 2757 390 2842 aliquid
416 2756 500 2844 qnod
522 2765 601 2820 esset
627 2755 739 2840 ubique
762 2758 841 2820 siout
866 2766 945 2821 esset
967 2756 1099 2822 alieubi:
1122 2758 1179 2822 hoe
1201 2780 1271 2823 vero
1296 2769 1375 2823 esset

276 2869 430 2936 evidenter
444 2868 640 2932 immensum.
687 2867 746 2930 Sed
762 2869 874 2932 mutari
888 2869 1071 2934 immensum
1082 2891 1136 2954 per
1150 2869 1233 2934 aliud
1248 2870 1376 2936 immen-

194 3017 199 3028 ·
277 3002 345 3044 sum
363 2988 410 3042 est
427 2977 632 3062 impossibile:
655 2986 722 3040 tum
742 2977 815 3063 quia
834 2978 895 3044 duo
912 3002 997 3064 aeque
1016 2979 1165 3046 immensa
1184 2990 1376 3065 repugnant:

275 3101 343 3156 tum
366 3089 437 3176 quia
458 3100 610 3175 repugnat
633 3088 762 3152 mutatio
785 3089 924 3168 infinita;
947 3089 1047 3154 omnis
1069 3090 1151 3154 enim
1174 3093 1304 3157 mutatio
1330 3108 1376 3156 est

275 3203 466 3286 contingens,
482 3209 513 3264 et
533 3223 623 3264 omne
638 3199 821 3284 contingens
836 3211 882 3265 est
896 3202 990 3266 finitae
1011 3203 1156 3282 entitatis,
1169 3227 1265 3288 quum
1280 3205 1377 3290 possit

275 3338 341 3380 esse
361 3323 392 3378 et
415 3335 478 3378 non
501 3335 575 3377 esse.
620 3313 705 3398 Ergo
725 3313 908 3378 immensum
929 3321 976 3376 est
997 3300 1199 3393 immutabile,
1220 3323 1250 3379 et
1271 3338 1374 3380 eonse-

171 3457 173 3464 ·
274 3435 404 3513 quanter
417 3424 631 3490 necessarium.
676 3424 741 3488 Ena
756 3433 858 3489 autem
873 3423 1074 3488 necessarium
1089 3433 1136 3488 est
1151 3425 1246 3490 Deus.

318 3541 370 3603 16.
392 3537 463 3602 'l'ria
478 3537 536 3601 alia
551 3548 732 3620 argumenta
743 3535 946 3600 communiter
960 3535 1141 3600 evolvuntur
1155 3535 1374 3621 aphilosophis

272 3652 312 3716 ad
337 3649 556 3733 ostendendam
576 3647 637 3711 Dei
656 3647 865 3712 existentiam:
888 3650 1046 3711 communie
1067 3655 1095 3711 et
1115 3649 1287 3712 universatis
1312 3671 1373 3712 om·

270 3765 351 3828 nium
370 3763 502 3848 yeotium
527 3781 690 3838 commuue,
706 3759 760 3844 qui
781 3781 845 3822 non
868 3758 928 3822 nisi
952 3757 1078 3844 abipsa
1103 3768 1212 3823 natura
1232 3760 1374 3828 rationali

271 3873 432 3960 procedere
457 3879 578 3957 potest:
606 3871 676 3935 ordo
693 3871 836 3954 pbyeimte
862 3879 1077 3948 ereaturarum,
1102 3870 1156 3954 qui
1178 3869 1371 3934 ordinantem

270 3982 528 4069 sapientissimum
540 3980 674 4046 ostendit
688 4006 694 4045 ι
718 3982 873 4046 necessitas
880 3983 974 4064 primi
984 3983 1114 4046 motoris.
1151 3981 1199 4044 Ex
1211 3981 1261 4044 his
1272 3981 1371 4058 tribus

268 4094 447 4171 rationibus,
462 4094 562 4178 prima
581 4100 628 4156 est
651 4114 723 4156 sane
745 4092 870 4176 optima,
892 4091 946 4155 sed
971 4114 1033 4156 non
1057 4091 1175 4156 videtur
1199 4092 1371 4156 evolutione

268 4206 415 4290 indigere,
432 4225 528 4288 quum
554 4212 707 4287 appareat,
730 4203 871 4268 effectum
897 4202 1098 4267 universalem
1124 4212 1155 4266 et
1179 4211 1369 4267 constantem
1424 4193 1426 4198 ⁵

267 4339 330 4380 non
356 4315 416 4378 nisi
438 4334 568 4378 a-eausa
590 4313 751 4378 universali
772 4323 803 4377 et
825 4313 979 4378 constanti
996 4313 1090 4377 fluere
1112 4313 1257 4402 potuisse,
1273 4324 1305 4379 et
1328 4315 1370 4380 sie
