3240 4986
249 345 407 432 crr.111.]
697 367 738 414 na
756 368 887 413 nunno.
988 339 998 354 ‘
1287 347 1348 411 121

248 529 425 610 sectionum,
441 537 556 616 quanto
577 530 722 596 maiorem
740 530 974 597 similitudinem
995 530 1089 596 babet
1103 553 1173 596 oum
1189 532 1256 616 ipso
1270 531 1348 598 Deo.

247 641 289 705 Et
312 641 379 726 ipsa
401 641 525 727 quidem
546 641 688 707 voluntas
710 641 817 723 libem,
837 665 892 728 per
914 643 973 708 hoe
997 641 1080 728 quod
1102 651 1149 708 est
1172 642 1277 722 libera,
1295 665 1352 708 suo

247 750 339 817 modo
367 752 506 817 imitatur
535 751 670 818 divinam
695 753 886 819 libertatem:
917 776 973 839 per
996 754 1056 818 hoe
1080 762 1185 819 autem
1209 753 1292 839 qnod
1317 752 1350 816 in

247 864 364 929 bonum
390 863 600 930 universaliter
620 863 731 945 tendit,
754 865 889 930 ostendit
911 889 943 932 se
965 889 1029 931 non
1049 865 1109 930 nisi
1129 864 1251 930 infinito
1270 865 1352 930 bono

247 975 361 1060 expleri
382 997 481 1060 posse,
496 983 528 1040 et
550 975 589 1040 ad
610 976 766 1042 infinitum
788 976 906 1042 bonum
927 977 1070 1058 ordinari,
1086 976 1170 1063 quod
1185 984 1232 1042 est
1245 976 1352 1042 Deus:

248 1087 280 1151 in
296 1095 448 1173 quantum
462 1095 565 1152 autern
588 1110 681 1174 capax
703 1098 751 1152 est
773 1088 965 1168 moralitatis,
978 1089 1093 1154 imitari
1114 1097 1217 1174 potest
1238 1087 1352 1153 sancti·
1378 1096 1381 1101 '

247 1205 341 1262 tatem
364 1198 445 1277 Dei3
467 1221 523 1284 per
544 1221 613 1285 quae
634 1199 737 1264 omnia
751 1199 837 1264 Deus
859 1200 959 1286 magis
980 1209 1012 1265 et
1033 1200 1132 1285 magis
1154 1199 1351 1285 glorificatur.

248 1308 289 1371 llt
304 1308 375 1393 qnia
390 1316 476 1374 actus
489 1308 655 1374 moralitati
666 1310 836 1376 contrarius
847 1332 909 1374 non
922 1310 1060 1376 imitatur
1071 1309 1206 1376 divinam
1217 1309 1351 1396 aliquam

247 1419 473 1504 perfectionem,
486 1419 540 1486 sed
554 1421 659 1505 potius
673 1420 758 1486 omni
773 1420 883 1486 divinae
896 1421 1076 1507 perfectioni
1090 1422 1266 1507 opponitur,
1281 1422 1352 1487 ideo

248 1538 334 1595 actus
356 1530 505 1595 eiusmodi
527 1540 574 1596 eat
596 1540 626 1596 et
649 1541 755 1596 contra
776 1532 869 1596 finem
892 1533 995 1597 aDeo
1017 1533 1171 1597 intentum
1196 1541 1227 1597 et
1245 1540 1352 1598 contra

247 1641 339 1707 finem
357 1642 454 1727 ipsius
475 1650 640 1706 creatura:
673 1665 742 1728 quae
761 1650 921 1727 propterea
946 1642 1084 1728 agnoscit
1108 1664 1140 1707 se
1163 1650 1238 1708 tuno
1262 1664 1352 1728 agere

247 1761 353 1817 contra
371 1751 587 1817 rectitudinem
610 1759 641 1817 et
663 1761 769 1818 contra
791 1752 851 1818 Dei
872 1752 1073 1833 voluntatem,
1096 1761 1127 1818 et
1148 1752 1294 1817 iniustam
1318 1776 1350 1820 se

246 1870 377 1946 reputat,
401 1871 432 1926 et
453 1884 590 1927 remorsu
611 1871 782 1947 torquetur,
804 1871 835 1926 et
856 1862 1049 1948 punitionem
1071 1863 1170 1944 timet,
1193 1885 1254 1949 qua
1275 1862 1350 1929 ordo

247 1973 376 2038 violatus
390 1981 587 2038 restauretur.
632 1973 679 2036 Ex
693 1972 742 2038 his
757 1980 842 2058 patet
862 1984 1031 2039 creaturam
1055 1973 1232 2038 rationalem
1253 1973 1350 2038 teneri

247 2083 286 2147 ad
298 2084 551 2149 manifestandam
566 2085 600 2148 in
616 2085 680 2149 suis
695 2085 813 2150 actibus
828 2085 933 2150 liberis
947 2085 1162 2151 rectitudinem
1177 2085 1349 2151 imitantem

248 2197 463 2262 rectitudinem
486 2196 596 2262 divinas
610 2196 798 2262 voluntatis:
821 2197 904 2282 quod
926 2197 985 2262 nisi
1006 2198 1107 2278 faciat,
1124 2197 1224 2264 adhuc
1245 2206 1350 2264 tamen

247 2307 491 2373 manifestabitur
517 2307 620 2373 divina
646 2309 801 2388 sanctitas,
829 2308 937 2373 saltem
960 2309 994 2373 in
1020 2309 1175 2394 punienda
1204 2318 1350 2376 creaturae

234 2418 393 2504 nequitia,
409 2427 445 2483 ut
459 2419 545 2484 Deus
561 2427 716 2498 externam
735 2418 874 2504 gloriam,
889 2419 929 2484 ob
948 2429 1093 2485 creaturae
1112 2419 1270 2499 malitiam,
1286 2443 1349 2486 non

247 2530 379 2595 amittat.
423 2531 527 2595 Tertio
541 2531 666 2596 tandem
682 2531 840 2596 beatitudo
855 2532 922 2618 ipsa
936 2540 1080 2598 creaturae
1094 2531 1250 2596 rationalis
1266 2532 1348 2616 (pos-

247 2640 340 2706 sessio
354 2641 424 2707 finis
439 2642 565 2726 ultimi),
576 2665 644 2728 quas
658 2645 692 2707 in
706 2651 854 2728 perpetua
867 2643 928 2708 Dei
941 2643 1132 2728 possessione
1146 2643 1295 2722 consistit,
1311 2643 1349 2710 de

245 2753 326 2817 facto
345 2752 424 2816 nibil
456 2753 540 2818 alind
560 2763 607 2818 est
627 2777 663 2818 ex
683 2763 769 2839 parte
793 2754 852 2819 Dei
873 2754 933 2818 nisi
949 2755 1154 2820 manifestatio
1175 2754 1348 2820 divinarum

243 2864 476 2949 perfectionum,
497 2887 560 2929 non
584 2864 716 2950 amplius
739 2887 793 2951 per
815 2864 894 2930 solas
917 2865 1077 2951 imagines,
1102 2865 1155 2930 sed
1176 2888 1231 2950 per
1249 2865 1348 2950 ipsam

246 2976 438 3062 prasentiam
448 2975 509 3041 Dei
519 2977 552 3040 in
565 2977 663 3061 specie
674 2998 730 3041 sna
745 2999 778 3041 se
793 2976 983 3042 exhibentis:
1007 2986 1038 3041 et
1053 2999 1089 3041 ex
1103 2986 1190 3061 parte
1204 2985 1349 3042 creaturae
1434 2999 1436 3001 ·

244 3087 323 3152 nibil
344 3088 428 3153 aliud
449 3097 496 3153 est
519 3089 579 3153 nisi
601 3063 733 3154 intuitus
755 3088 865 3154 divinae
887 3090 1026 3153 essentiae
1047 3097 1078 3153 et
1100 3088 1231 3154 imitatio
1259 3088 1348 3154 finita

244 3198 326 3263 illius
338 3207 423 3264 actus
435 3222 496 3284 quo
505 3200 591 3264 Deus
603 3199 737 3285 seipsum
748 3199 883 3284 possidet
899 3210 929 3265 et
944 3200 976 3264 in
993 3201 1091 3286 seipso
1106 3223 1226 3265 summe
1240 3184 1348 3266 beatus

244 3318 310 3374 est:
333 3310 377 3374 ita
398 3318 433 3375 ut
458 3310 616 3375 beatitudo
636 3310 793 3375 rationalis
815 3319 960 3375 creaturae
978 3312 1011 3374 in
1027 3334 1147 3375 summo
1162 3311 1261 3396 gradu
1276 3334 1348 3376 con·
1369 3301 1372 3307 ⁵

245 3421 341 3486 tineat
360 3445 427 3486 eam
447 3422 725 3487 manifestationem
745 3421 856 3487 divinae
876 3421 980 3507 gloriae
997 3422 1036 3486 ad
1053 3445 1145 3508 quam
1165 3423 1199 3487 in
1223 3422 1349 3488 diversis

244 3533 389 3618 gradibus
404 3533 562 3599 tendentia
578 3533 725 3598 naturalis
739 3534 841 3598 omnis
856 3541 1001 3598 ereaturae
1014 3533 1135 3598 nititur.

287 3643 542 3710 concludendum
565 3654 611 3709 est
633 3644 739 3729 igitur,
754 3646 847 3709 finem
870 3666 962 3729 quem
977 3644 1064 3708 Deus
1085 3644 1194 3709 babuit
1211 3644 1244 3708 in
1266 3667 1348 3710 crea·

245 3756 329 3820 tione
353 3755 462 3828 mundi
494 3778 560 3820 esse
590 3756 868 3820 manifestationem
897 3754 1096 3820 extrinsecam
1127 3777 1250 3818 suarum
1280 3779 1349 3840 per·

243 3867 420 3945 factionum,
436 3874 467 3931 et
481 3866 633 3931 mundum
650 3866 782 3932 defecto
797 3866 837 3930 ad
850 3866 934 3930 bunc
950 3866 1043 3930 finem
1058 3864 1194 3930 tendere.

286 3977 338 4040 46.
367 3979 494 4042 Obiicies
525 3980 568 4040 1⁰.
602 3976 798 4061 Impossibile
827 3985 873 4040 est
896 3977 1000 4041 Deum
1025 3977 1184 4041 intendere
1214 3976 1346 4062 aliquem

242 4089 344 4153 finem.
391 4089 472 4152 Nam
489 4092 522 4152 1⁰
545 4096 580 4152 ut
602 4088 673 4173 quis
690 4087 831 4152 intendat
849 4088 953 4168 finem,
971 4087 1060 4152 debet
1081 4089 1195 4152 moveri
1215 4078 1345 4157 abono:

243 4201 328 4287 atqui
343 4201 429 4265 Deus
444 4223 462 4264 a
476 4200 562 4266 nullo
577 4200 658 4265 bono
673 4200 785 4265 moveri
799 4195 902 4284 potest
910 4226 920 4280 3
944 4222 1015 4265 nam
1036 4199 1148 4265 moveri
1169 4210 1215 4264 est
1234 4203 1346 4286 imper·

242 4314 332 4378 factio
339 4339 350 4392 3
372 4334 455 4397 ergo.
501 4315 545 4377 2⁰.
570 4311 632 4388 Qui
654 4311 788 4377 intendit
809 4312 900 4376 finem
925 4324 971 4376 est
994 4313 1027 4376 in
1042 4312 1345 4399 quadamexspecta·
