3240 4986
292 380 356 444 100
745 398 789 444 na
805 397 936 444 nonno.
1248 375 1337 461 [our.
1359 396 1399 440 11.

291 559 438 642 dentaler,
453 568 484 627 et
503 560 693 648 recipiuntur
709 562 741 626 ia
761 563 860 647 oliqrco
874 562 1001 626 ειώἱεοίο
1015 556 1341 645 paraetacenen
1362 555 1396 619 in

293 671 468 758 passivitate
491 671 620 738 alicuine
643 672 833 754 substantiae,
857 672 926 737 ideo
951 693 1015 736 non
1040 670 1214 736 educuntur
1240 669 1277 732 ’dc
1305 667 1397 731 ailath

294 786 426 866 mhiecti,
437 793 468 850 et
482 807 586 851 earum
601 785 723 851 eductio
734 806 798 850 non
809 783 921 849 dicitur
931 781 1054 849 creatio.
1085 781 1136 846 Ad
1149 781 1269 869 proprie
1284 780 1397 846 dictum

294 896 477 963 creationem
486 897 652 983 requiritur
661 904 697 962 ut
705 919 753 962 res
762 919 832 983 quae
840 895 1019 983 producitur
1029 894 1063 958 in
1074 893 1159 958 nullo
1174 893 1309 958 subiecto
1319 914 1396 979 pree-

295 1007 444 1073 existente
460 1007 640 1095 recipiatur:
663 1015 695 1073 et
708 1030 764 1093 per
777 1008 836 1073 hoc
858 1006 932 1072 satie
953 1012 1078 1092 apparet
1092 1027 1193 1071 veram
1214 1004 1396 1069 creationem

296 1141 362 1183 eoae
370 1120 591 1204 productiorem
604 1121 774 1185 morantia
781 1145 792 1197 3
815 1118 879 1184 sola
892 1118 973 1183 enim
990 1116 1161 1183 substantia
1175 1117 1207 1181 in
1223 1115 1308 1181 nullo
1324 1113 1395 1180 sub-

294 1228 373 1294 iecto
387 1229 480 1315 recipi
494 1229 639 1314 postulat.

339 1341 392 1405 28.
417 1339 592 1427 Conceptus
605 1339 776 1406 eductionis
797 1363 898 1406 rerum
913 1363 950 1405 ex
963 1339 1060 1405 nihilo
1075 1340 1123 1404 sui
1142 1346 1174 1404 et
1189 1337 1315 1403 subiecti
1334 1358 1396 1401 non
1419 1414 1422 1420 Ι
1523 1377 1527 1386 ·

296 1459 343 1515 eet
357 1451 565 1536 imaginarius,
581 1474 638 1517 nec
657 1451 818 1531 absurdus,
833 1473 890 1517 nec
907 1451 1072 1532 illusorius,
1088 1451 1141 1516 sed
1161 1450 1290 1514 maxime
1305 1447 1396 1513 ratio·

296 1561 375 1627 nnlie
389 1570 420 1628 et
434 1563 683 1649 philosophicus:
706 1563 789 1650 qnod
803 1586 887 1629 nunc
901 1563 1126 1629 ostendendum
1140 1562 1233 1627 venit.

339 1673 396 1738 llst
428 1673 615 1760 principium
649 1674 857 1740 indubitatum
892 1674 976 1760 apud
1007 1696 1124 1754 omnea,
1154 1672 1397 1759 quibuscumque

296 1784 436 1850 terminis
458 1785 655 1871 exprimatur,
675 1785 759 1872 quod
777 1786 869 1850 Omne
890 1808 979 1870 opens
1000 1788 1063 1870 cpit
1084 1787 1116 1849 in
1141 1792 1279 1868 quantum
1303 1790 1347 1846 ert
1367 1784 1398 1845 ia

296 1905 375 1976 octa,
385 1904 416 1961 et
426 1919 508 1961 omae
514 1899 636 1981 potiens
642 1899 763 1981 potitur
777 1899 809 1960 ic
822 1905 964 1982 quantum
974 1905 1018 1962 eat
1032 1899 1065 1961 ia
1075 1897 1219 1982 potentio.
1243 1893 1397 1980 Sequitur,
1455 1885 1459 1893 ’

295 2029 417 2072 omnem
438 2007 580 2073 effectum
605 2007 790 2093 productum
810 2007 849 2073 ah
872 2007 974 2093 aliqua
995 2029 1086 2073 causa
1106 2006 1255 2072 efficiente
1277 2026 1342 2070 esse
1364 2005 1398 2068 in

295 2119 434 2206 potentia
448 2127 612 2206 antequam
624 2119 664 2183 ait
678 2118 712 2183 in
727 2126 809 2198 actu,
817 2118 861 2184 ita
875 2127 911 2184 ut
922 2119 1059 2204 potentia
1073 2118 1114 2183 ait
1123 2141 1159 2182 ex
1172 2128 1258 2202 parte
1272 2115 1397 2181 effeetus

296 2231 495 2317 producendi,
525 2240 611 2297 actuo
639 2253 710 2297 vero
741 2253 779 2296 ex
806 2231 919 2296 virtute
948 2231 1086 2316 agantie3
1120 2239 1151 2296 et
1180 2219 1399 2316 consequenter

296 2343 440 2409 effectum
464 2342 649 2429 productum
675 2341 822 2408 resultare
847 2364 884 2407 ex
909 2342 1049 2407 duobus:
1072 2340 1212 2407 videlicet
1234 2364 1271 2407 ex
1296 2341 1399 2427 aliquo

296 2456 385 2520 dante
404 2454 572 2520 formaliter
594 2476 671 2534 esse,
692 2462 724 2518 et
747 2476 784 2519 ex
806 2453 909 2539 aliquo
930 2455 1091 2537 occrpicnte
1111 2475 1186 2519 esse.
1232 2452 1325 2530 Quod
1346 2452 1399 2516 dat

297 2566 464 2632 formaliter
491 2587 557 2630 esse
586 2573 633 2630 est
656 2545 743 2630 actuo
772 2588 791 2658 a
818 2563 932 2629 virtute
956 2564 1076 2649 agentis
1100 2564 1284 2650 procedens:
1315 2563 1399 2649 quod

297 2675 406 2761 accipit
420 2697 486 2741 esee
500 2684 546 2741 eet
560 2675 698 2763 potentia
711 2675 832 2740 eaeendi
847 2675 880 2738 in
900 2696 937 2740 eo
951 2697 1062 2760 genere
1077 2675 1214 2740 entitatie
1227 2674 1261 2738 in
1276 2697 1338 2760 quo
1352 2682 1399 2738 eet

296 2786 455 2854 actuabilia
469 2809 524 2872 per
537 2787 631 2852 talem
646 2794 758 2852 actum.
804 2787 881 2851 Haec
894 2794 997 2851 autem
1012 2786 1150 2872 potentia
1164 2786 1244 2872 (quac
1258 2786 1291 2850 in
1306 2786 1400 2872 priori

296 2899 336 2965 ad
349 2896 559 2983 accipiendum
573 2918 639 2962 esse
653 2907 701 2962 eet
714 2919 827 2984 purum
842 2897 974 2962 nihilum
988 2897 1022 2962 in
1037 2920 1073 2963 ea
1087 2898 1185 2984 specie
1199 2899 1279 2963 entis
1293 2899 1400 2984 inqua

297 3009 449 3077 actuanda
472 3011 531 3094 est)
549 3010 673 3096 qnando
694 3018 844 3091 actuetur,
859 3011 895 3075 fit
917 3008 1067 3075 terminus
1087 3009 1176 3075 realis
1190 3019 1277 3076 actua
1295 3033 1398 3097 proce·

298 3122 399 3188 dentis
421 3121 460 3187 ab
474 3130 595 3206 agente,
610 3130 641 3186 et
664 3122 796 3208 complet
811 3144 882 3188 eum
904 3121 938 3186 in
952 3143 1026 3187 esse.
1072 3123 1146 3187 Non
1160 3123 1243 3208 quod
1262 3125 1400 3209 potentia

297 3236 361 3299 heo
376 3233 512 3319 acquirat
527 3233 694 3299 realitatem
710 3256 796 3298 auam
804 3236 968 3319 propriam,
985 3233 1039 3298 sed
1053 3234 1125 3320 quia
1139 3233 1283 3300 terminet
1297 3243 1400 3301 actum

296 3348 329 3410 in
351 3368 416 3411 esse
431 3345 514 3424 reali,
529 3352 561 3411 et
582 3345 626 3410 aie
641 3343 706 3409 eiuo
727 3343 896 3411 realitatem
916 3348 1099 3411 terminatioc
1120 3345 1292 3431 participat.
1338 3347 1397 3427 Sic,
1464 3362 1466 3366 ·

298 3459 374 3524 dum
397 3457 442 3522 vir
466 3457 579 3522 motiva
601 3464 704 3523 acturo
728 3458 898 3543 potentiam
919 3457 1063 3538 materie,
1084 3481 1139 3523 eeu
1161 3458 1302 3523 inertiam
1323 3459 1399 3539 ciue,

297 3569 435 3657 potentia
448 3569 582 3634 meteriae
603 3591 667 3634 non
681 3569 717 3633 fit
731 3576 827 3650 actua,
844 3569 897 3634 sed
916 3578 1019 3635 ectum
1033 3571 1183 3634 motivum
1197 3570 1319 3635 realiter
1337 3579 1398 3636 ter·
1522 3603 1525 3608 ·

298 3681 405 3761 minat,
414 3682 458 3745 ita
471 3688 508 3745 ut
518 3680 645 3744 materia
656 3687 777 3745 maneat
791 3680 824 3744 in
840 3703 872 3746 se
882 3680 964 3746 iners
975 3681 1067 3746 etium
1078 3681 1153 3746 dnm
1169 3690 1239 3746 actu
1250 3690 1351 3746 movet
1391 3730 1398 3746 .

296 3793 386 3861 Patet
408 3801 510 3858 autem
535 3791 618 3876 qnod
640 3793 777 3876 potentia
799 3791 933 3856 materiae
951 3793 1029 3857 nihil
1051 3793 1152 3857 estin
1178 3794 1277 3880 specie
1297 3803 1399 3858 motus

297 3903 424 3970 actualis
444 3911 516 3968 ante
537 3902 688 3967 actionem
709 3902 864 3982 motivam,
880 3924 948 3988 quae
966 3903 1156 3970 velocitatem
1178 3903 1266 3968 inea
1287 3903 1400 3989 gignit,

298 4015 377 4081 sicut
396 4013 535 4100 potentia
549 4013 615 4078 auri
629 4009 707 4077 nihil
721 4021 769 4078 est
790 4021 900 4079 stature
914 4014 941 4079 ai
961 4024 1007 4079 eet
1021 4023 1142 4080 tantum
1158 4015 1192 4079 in
1209 4015 1347 4101 potentia
1361 4015 1400 4080 ad

294 4127 425 4193 formam
440 4133 558 4190 atatuee.

339 4235 402 4300 His
411 4233 529 4322 positis,
538 4234 693 4318 fingamus
707 4235 807 4300 solum
819 4235 921 4300 Deum
936 4237 1072 4316 existere,
1085 4248 1116 4302 et
1130 4238 1180 4322 agi
1196 4237 1234 4302 de
1248 4237 1400 4302 creatione

295 4345 458 4413 cuiuslibet
472 4346 553 4410 entis
575 4345 638 4411 aive
653 4345 818 4432 spiritualia
841 4347 904 4412 eive
926 4349 1099 4413 materialis.
1143 4348 1279 4414 Effectus
1298 4351 1399 4416 'eDeo
