3240 4986
263 355 325 418 106
719 374 759 416 oa
776 374 904 418 monuo.
1221 348 1305 432 [car.
1321 368 1361 411 11.

259 535 346 616 toris,
362 537 406 601 ita
423 535 535 602 entitas
556 546 656 602 creata
673 537 848 604 continetur
864 538 909 621 (in
926 546 996 604 octe
1004 537 1103 622 priano
1124 544 1155 601 et
1177 533 1359 616 eminenter)

261 650 295 712 in
310 648 422 714 virtute
441 649 588 714 creantis:
612 648 665 714 sed
680 648 759 714 sicut
773 650 916 716 velocitas
930 671 993 715 nou
1012 657 1059 716 est
1073 647 1241 714 formaliter
1254 647 1315 712 nisi
1329 648 1363 712 in

260 783 296 824 ea
310 759 447 844 potentia
462 759 580 844 passiva
595 768 700 845 parata
714 761 753 825 ad
774 769 905 841 motum,
920 783 988 846 quae
1003 760 1041 826 de
1063 783 1096 825 se
1110 781 1173 826 non
1188 767 1267 824 esset
1281 757 1363 824 valo-

259 871 345 951 citas,
364 870 419 935 sed
439 870 517 935 nihil
540 870 727 952 velocitatis,
749 872 793 937 ita
813 873 910 938 forma
931 882 1031 939 creata
1048 873 1125 938 dans
1144 872 1280 959 primum
1296 893 1363 936 esse

260 1005 322 1048 nou
337 991 384 1047 est
392 980 560 1048 formaliter
574 982 634 1046 nisi
643 982 677 1046 in
691 1005 727 1048 ea
740 985 878 1068 potentia
885 985 1004 1071 passiva
1018 994 1123 1071 parata
1137 983 1177 1049 ad
1187 982 1361 1066 cauendum,

260 1119 328 1182 quae
343 1096 381 1160 de
396 1117 428 1160 se
442 1117 506 1160 oon
521 1101 601 1160 esset
616 1117 681 1176 ens,
697 1095 751 1160 sed
765 1119 878 1183 purum
893 1097 981 1163 nihil.
1345 1186 1347 1193 Ι

302 1208 344 1272 ut
368 1215 449 1272 certe
471 1205 505 1274 in
530 1206 588 1272 hoc
614 1205 700 1272 nulla
724 1216 771 1272 est
798 1209 1011 1295 repugnantia,
1026 1209 1110 1295 quod
1132 1208 1211 1273 sicut
1233 1205 1362 1292 quilibet

259 1327 345 1384 actus
359 1317 500 1384 educitur
513 1340 550 1382 cx
564 1318 701 1404 potentia
715 1319 799 1385 illius
814 1343 868 1406 per
882 1321 1027 1387 virtmm
1041 1319 1173 1405 agentis,
1186 1318 1229 1383 ita
1243 1318 1361 1403 primus
1445 1382 1447 1386 .

137 1477 140 1482 -
260 1438 346 1495 actus
363 1431 443 1495 eutis
457 1429 545 1494 realis
560 1429 707 1494 educatur
721 1453 757 1495 ex
771 1432 909 1516 potentia
922 1432 1013 1511 entia,
1025 1453 1093 1517 quae
1107 1438 1154 1495 est
1165 1451 1275 1514 mmm
1287 1428 1365 1492 nihil

260 1540 360 1605 omnis
389 1541 480 1606 entia
525 1541 608 1605 Nam
637 1542 730 1607 etiam
759 1550 835 1608 tunc
863 1565 961 1627 quum
990 1543 1102 1608 entitas
1130 1540 1288 1608 educenda
1315 1547 1362 1604 est

260 1651 373 1716 entitas
389 1652 583 1717 accidentalis
604 1660 738 1734 tantum,
752 1652 824 1718 licet
837 1654 871 1718 in
885 1653 944 1719 hoc
965 1676 1038 1721 casu
1055 1662 1142 1719 actus
1162 1653 1311 1718 educatur
1325 1650 1364 1716 de

260 1761 402 1849 potentia
417 1763 518 1848 aliqua
536 1763 609 1828 reali
625 1764 710 1849 (quia
730 1764 843 1829 entitas
864 1765 1057 1831 accidentalis
1078 1764 1174 1850 exigit
1190 1763 1362 1829 subiectum

261 1875 383 1959 proprie
408 1874 551 1958 dictum),
577 1874 642 1940 haec
666 1883 771 1940 tamen
795 1876 932 1962 potentia
957 1876 1056 1957 realia,
1082 1877 1115 1941 in
1141 1884 1291 1960 quantum
1315 1880 1363 1937 est

260 1985 410 2072 receptiva
424 1986 518 2051 huius
533 1996 620 2051 actus
635 1985 840 2068 accidentalis,
855 1988 994 2054 estnihil
1015 1988 1100 2053 illius
1117 1996 1215 2053 actus.
1260 1987 1311 2051 Sic
1325 2008 1362 2050 ex

261 2096 372 2161 inertia
392 2097 540 2174 materiae,
554 2119 626 2182 quae
646 2105 694 2162 est
715 2096 794 2162 nihil
817 2107 930 2180 motus,
944 2099 1085 2165 educitur
1100 2098 1227 2164 actualis
1248 2105 1362 2177 motus,

260 2229 297 2271 ex
312 2207 373 2272 tela
394 2215 426 2272 ct
448 2207 608 2288 coloribus,
624 2231 692 2294 quae
715 2209 884 2274 suntnihil
905 2210 1058 2296 imaginis,
1073 2210 1215 2276 educitrrr
1235 2208 1363 2274 actmlis

261 2318 372 2402 imago,
388 2339 425 2384 ex
438 2317 534 2404 ligno,
550 2319 632 2405 quod
646 2320 786 2384 estnihil
803 2321 899 2400 navis,
914 2321 1054 2386 educitur
1067 2321 1153 2387 naus
1167 2328 1248 2386 actu.
1294 2319 1362 2383 Hoc

260 2451 366 2494 omues
377 2428 482 2495 vident
496 2438 527 2496 et
541 2431 724 2500 concedunt.
754 2432 801 2497 Ut
815 2440 917 2498 autem
931 2431 1037 2498 eadem
1047 2433 1157 2499 veritas
1171 2431 1363 2516 intelligatur

259 2540 352 2604 etiam
374 2539 407 2604 in
425 2562 497 2605 casn
518 2539 689 2606 eductionis
709 2541 848 2607 entitatis
868 2543 1079 2610 substantialis
1101 2565 1139 2608 ex
1155 2565 1234 2629 puro
1253 2541 1361 2620 nihilo,

261 2650 373 2715 sufficit
387 2650 544 2736 concipere
558 2651 660 2736 ipsum
675 2651 809 2717 nihilum
823 2660 981 2737 tamquam
997 2653 1166 2738 potentiam
1180 2652 1362 2740 receptivam

260 2761 351 2846 primi
368 2785 434 2828 esse
451 2763 546 2846 (cocat
567 2764 643 2827 enim
662 2765 745 2829 Deus
765 2787 799 2828 cu
820 2787 883 2848 quc
901 2787 960 2828 aon
982 2773 1059 2844 aaut,
1076 2773 1224 2848 tamquam
1243 2786 1278 2828 cc
1300 2787 1363 2848 quc

258 2873 359 2957 suad:
393 2881 424 2937 et
456 2881 531 2937 tunc
565 2873 734 2958 poterimus
769 2875 878 2954 dicere,
908 2884 1012 2939 actum
1050 2875 1172 2940 virtutis
1206 2874 1360 2940 causantis

260 2986 394 3071 primurn
409 3009 474 3052 esse
488 2986 582 3072 recipi
603 2987 636 3050 in
651 3008 687 3052 ea
700 2989 847 3072 potentia,
862 3011 931 3076 quae
949 2998 997 3054 est
1011 2989 1162 3074 receptiva
1180 2989 1273 3075 primi
1287 3010 1361 3069 esse,

197 3155 200 3160 .
259 3105 418 3180 tamquam
442 3096 476 3160 in
501 3097 566 3162 solo
588 3097 725 3164 subiecto
748 3099 807 3164 sibi
832 3100 1038 3180 conveniente,
1059 3101 1166 3165 eodem
1187 3100 1363 3184 modoque

261 3204 440 3286 diceremus,
459 3215 563 3271 actum
586 3207 710 3274 virtutis
735 3211 889 3275 causantis
912 3221 1032 3276 motum
1054 3212 1148 3297 recipi
1170 3213 1202 3276 in
1225 3212 1363 3296 potentia

261 3338 332 3401 quae
357 3315 398 3381 sit
422 3318 574 3402 receptiva
596 3326 709 3386 motus.
753 3321 935 3386 Differentia
960 3330 1026 3388 tota
1051 3324 1108 3387 erit
1131 3323 1165 3387 in
1186 3322 1253 3402 hoc,
1280 3323 1363 3408 quod

261 3436 347 3497 actus
362 3429 516 3496 causantis
530 3440 639 3496 motum
653 3432 799 3518 recipitur
812 3433 847 3498 in
861 3433 1007 3516 subiecto,
1017 3436 1100 3521 quod
1114 3438 1246 3501 estnihil
1257 3445 1362 3515 motus,

261 3538 315 3604 sed
329 3539 446 3625 aliquid
460 3540 660 3607 substantia:
683 3552 790 3609 contra
804 3552 890 3610 actus
907 3547 1060 3611 causantis
1070 3550 1200 3629 primm
1213 3569 1275 3612 case
1287 3547 1362 3612 reci·

261 3651 346 3736 pitur
369 3651 403 3715 in
429 3651 566 3717 subiecto
592 3654 676 3738 quod
696 3669 743 3720 est
766 3655 893 3720 omnino
914 3658 992 3720 nihil
1010 3661 1094 3738 entis,
1110 3681 1206 3745 quum
1228 3659 1268 3725 ad
1289 3659 1362 3724 reci-

261 3761 407 3847 piendum
423 3763 557 3848 primum
573 3787 638 3830 esse
653 3765 762 3831 debeat
776 3790 842 3832 csse
855 3790 968 3852 purum
983 3791 1047 3834 non
1061 3792 1126 3835 ens.

306 3874 339 3939 si
353 3875 403 3939 cui
417 3875 467 3940 hic
484 3875 630 3961 loquendi
645 3877 755 3943 modus
773 3901 836 3944 non
851 3880 960 3964 placet,
976 3880 1146 3948 consideret
1160 3882 1262 3964 velim,
1277 3882 1361 3970 quod

261 3986 389 4051 educere
410 4008 476 4051 rem
498 3988 533 4051 dc
551 3989 643 4053 nihilo
665 3991 787 4055 subacti
801 3998 832 4055 et
854 3991 981 4057 educere
1002 4014 1067 4058 rem
1082 3994 1117 4060 de
1138 3995 1228 4059 nihilo
1251 4002 1364 4060 tenente

260 4099 336 4163 vices
352 4099 474 4162 subiecti
491 4097 526 4163 in
545 4121 578 4163 re
592 4098 675 4164 idern
693 4101 855 4186 significat.
901 4102 935 4168 si
949 4103 1018 4189 quia
1038 4104 1121 4170 enim
1142 4105 1310 4191 interrogat
1327 4128 1364 4172 ex

261 4231 323 4294 quc
345 4209 480 4276 subiecto
495 4211 642 4277 educatur
664 4236 712 4278 res
727 4236 795 4299 quae
816 4225 945 4296 creatur,
959 4226 1041 4284 recte
1063 4220 1237 4306 responderi
1250 4221 1364 4306 poterit

261 4343 328 4386 eam
352 4319 441 4386 educi
464 4343 500 4386 ex
523 4323 629 4404 nihilo,
649 4332 680 4389 et
705 4325 838 4392 nihilum
859 4335 962 4394 tenere
984 4330 1064 4396 vices
1090 4331 1218 4397 subiecti
1242 4330 1364 4418 dequo
