3212 4986
235 392 304 434 car.
321 371 360 455 1.]
723 393 765 436 on
782 394 857 436 nno.
1316 374 1336 438 7

234 557 387 622 mediante
398 557 600 622 abstractione
608 566 640 623 et
651 557 814 642 negatione
824 556 958 623 limitum
971 580 1036 642 nep.
1046 565 1107 622 oet.
1121 566 1151 622 et
1161 579 1239 622 com.
1284 553 1337 620 Ad

232 669 443 754 probationem
458 693 538 735 conc.
554 678 616 735 eat.
638 681 672 735 et
688 671 757 735 dist.
772 691 852 734 cone.
866 669 973 754 nequit
996 668 1139 754 cognosci
1161 666 1336 732 immediate

233 788 264 844 et
285 779 428 846 intuitive
443 803 522 845 coeo.
539 803 628 861 cons„
643 780 799 845 mediante
821 780 1028 845 abstractione¹
1041 790 1072 844 et
1093 779 1256 864 negatione
1276 779 1335 842 im·

232 892 452 975 perfectionum
467 915 532 977 nep.
549 915 626 958 coru.
672 891 735 969 Qui
749 892 814 957 haec
831 892 991 971 obiiciunt,
1005 899 1180 976 supponunt,
1195 900 1231 955 ut
1253 898 1335 954 recte

232 1011 320 1067 notat
343 1004 379 1067 P.
395 1004 563 1088 Tongiorgi
581 1005 614 1068 in
632 1025 688 1068 sus
706 1002 905 1091 psychologia
926 1004 970 1088 (n.
986 1006 1075 1086 394),
1094 1005 1196 1081 ideam,
1213 1025 1271 1086 pcc
1288 1003 1333 1065 in·

225 1115 347 1199 finitum
369 1117 554 1200 concipimus,
564 1117 704 1199 positivis
725 1138 760 1180 cc
775 1117 909 1199 propriis
930 1117 1009 1178 notis
1029 1115 1106 1179 illud
1116 1122 1331 1199 representare.

235 1225 322 1297 Quod
340 1227 368 1288 ei
389 1226 586 1310 oemmfhmt,
597 1226 731 1310 profecto
753 1226 813 1289 hec
834 1226 898 1290 idea
921 1225 1067 1292 eumenes
1089 1247 1126 1288 ee
1139 1226 1225 1288 rebus
1232 1222 1333 1308 finitis

232 1338 389 1400 abstractis
403 1337 535 1420 componi
548 1358 606 1400 ooo
614 1343 726 1420 posset.
773 1337 835 1400 Sed
847 1335 958 1420 infiniti
972 1339 1062 1415 nodo,
1078 1359 1165 1420 quam
1186 1335 1331 1412 dodones,

231 1469 289 1510 noa
302 1455 347 1511 cst
361 1448 509 1527 eiusmodi,
523 1448 693 1531 radpertim
701 1448 840 1531 positiva,
850 1449 965 1532 partim
979 1449 1133 1532 nepetino:
1156 1455 1244 1532 etque
1259 1445 1335 1510 illud

231 1560 335 1642 ipsum,
351 1559 430 1642 quod
442 1560 474 1622 in
488 1581 523 1623 ec
531 1560 693 1641 positivum
706 1567 760 1638 eat,
776 1581 835 1622 noo
843 1581 901 1643 per
909 1561 1051 1644 proprios
1068 1567 1153 1624 notas
1168 1561 1265 1622 Deum
1285 1579 1331 1621 re·

222 1671 302 1754 sert,
318 1673 369 1754 qui
379 1670 473 1753 finite
493 1672 589 1735 omnia
612 1670 734 1749 cecedit,
749 1671 801 1734 aed
819 1671 912 1735 colum
925 1693 983 1755 per
1006 1671 1183 1755 muhqicae.
1229 1668 1332 1746 Quare

230 1781 338 1846 eodem
353 1781 444 1846 modo
458 1782 625 1846 transimus
640 1779 678 1845 ab
693 1780 817 1845 entibus
830 1780 926 1845 finitis
941 1781 980 1844 ad
995 1789 1174 1865 conceptum
1189 1779 1270 1844 entis
1284 1778 1331 1842 in·

232 1894 321 1973 finiti,
338 1893 417 1959 sicut
437 1892 475 1958 ab
493 1892 610 1958 intuitu
630 1891 690 1957 loci
710 1892 905 1958 determinati
924 1893 963 1956 ad
978 1901 1159 1978 conceptum
1173 1890 1331 1955 immensi-

231 2005 303 2069 tatis
326 2005 427 2091 spatii,
445 2014 476 2070 et
498 2027 517 2069 a
538 2005 663 2069 notione
685 2003 856 2069 durationis
878 2005 1053 2069 successivae
1082 2004 1121 2069 ad
1149 2012 1331 2088 conceptum

231 2118 420 2196 aeternitatis,
443 2116 621 2182 affirmando
643 2116 782 2182 videlicet
808 2116 959 2202 quidquid
989 2117 1064 2182 dicit
1092 2115 1270 2195 realitatem,
1300 2125 1332 2178 et

230 2231 371 2314 negando
396 2230 508 2294 limites
531 2239 624 2315 atque
647 2229 901 2315 imperfectiones,
922 2228 979 2292 sub
1003 2228 1116 2313 quibus
1133 2227 1255 2291 realitas
1278 2226 1331 2290 illa

231 2343 290 2406 fuit
305 2365 322 2406 a
336 2341 426 2406 nobis
440 2342 539 2426 primo
554 2340 753 2425 apprehensa.

274 2453 414 2518 instabis.
439 2452 472 2516 si
492 2452 536 2517 ita
553 2463 610 2531 est,
626 2451 732 2516 falsam
757 2451 795 2515 de
810 2451 878 2516 Deo
900 2450 999 2517 ideam
1019 2449 1108 2514 nobis
1123 2449 1328 2516 efformemus.

231 2565 305 2630 idea
319 2565 401 2630 enim
416 2563 493 2628 falsa
506 2571 564 2643 est,
580 2564 606 2627 si
619 2585 683 2627 non
698 2563 862 2648 respondet
876 2563 1004 2628 obiecto.

274 2676 456 2763 Respondeo
470 2698 536 2760 nep.
548 2684 623 2755 ent,
632 2684 663 2739 et
677 2675 716 2740 ad
732 2677 881 2740 rationem
896 2678 965 2740 dist.
976 2675 1044 2739 idea
1057 2697 1121 2738 non
1136 2675 1332 2760 responderet

228 2787 357 2868 obiecto,
371 2787 405 2851 id
426 2795 472 2851 est
494 2785 615 2850 infinite
636 2785 776 2850 deficeret
798 2809 817 2850 a
838 2787 968 2872 positiva
988 2795 1019 2851 et
1042 2786 1200 2872 adaequata
1219 2785 1331 2851 obiecti

228 2899 495 2986 representatione
505 2919 597 2977 cona,
608 2919 672 2961 non
681 2897 885 2983 responderet,
898 2897 931 2962 id
945 2908 992 2962 est
1006 2897 1161 2962 exhiberet
1172 2897 1255 2983 quod
1266 2921 1329 2962 non

227 3022 275 3076 est
290 3011 322 3076 in
336 3010 455 3076 obiecto
468 3032 534 3094 nep.
579 3009 653 3074 Idea
668 3009 844 3093 imperfecta
858 3019 889 3074 et
902 3009 1095 3095 inadaequata
1116 3032 1179 3075 non
1196 3018 1243 3074 est
1263 3010 1332 3074 idea

228 3124 325 3188 falsa:
341 3122 367 3186 si
377 3121 460 3220 enim
468 3144 497 3185 v.
507 3143 554 3204 gr.
565 3142 602 3185 ex
613 3119 757 3184 bucolicis
769 3141 932 3204 cognoscas
942 3120 1107 3204 Virgilium
1118 3143 1184 3185 esse
1194 3125 1329 3206 poetam,

229 3235 305 3320 quin
327 3231 444 3318 aliquid
466 3231 542 3296 scias
565 3230 603 3294 de
622 3229 762 3309 AEneide,
785 3230 870 3295 notio
891 3235 1001 3316 poete,
1025 3253 1116 3316 quam
1138 3241 1174 3296 tu
1196 3231 1330 3316 applicas

228 3344 369 3430 Virgilio,
384 3343 441 3409 erit
456 3342 581 3428 quidem
601 3339 802 3427 inadequata,
819 3342 872 3406 sed
887 3342 1059 3407 verissima:
1084 3343 1231 3423 similiter,
1251 3343 1277 3407 si
1294 3367 1330 3409 ex

228 3481 291 3522 una
310 3455 424 3541 pagina
437 3452 612 3518 Aristotelis
633 3452 762 3538 accipias
782 3453 915 3536 aliquam
936 3452 1034 3516 ideam
1055 3452 1092 3518 de
1110 3453 1176 3517 eius
1194 3453 1328 3538 ingenio,

229 3591 291 3633 non
306 3567 375 3632 ideo
389 3565 448 3630 erit
461 3564 547 3644 falsa,
563 3564 635 3648 quia
649 3562 765 3648 reliqua
779 3564 844 3627 eius
860 3563 972 3648 scripta
991 3585 1054 3628 uon
1069 3563 1182 3643 vidisti,
1197 3565 1251 3629 sed
1270 3566 1329 3630 erit

228 3681 405 3767 imperfecta
422 3685 454 3742 et
472 3676 563 3742 simul
581 3697 660 3741 vera.
704 3675 846 3739 Mundus
864 3685 967 3739 autem
987 3675 1047 3754 hic,
1069 3698 1160 3760 quem
1178 3676 1328 3757 videmus,

228 3801 275 3858 est
295 3790 383 3878 qnasi
400 3789 525 3875 quidam
544 3787 622 3852 liber
642 3787 690 3851 sui
708 3787 839 3852 auctoris
859 3786 1066 3852 excellentiam
1081 3789 1249 3873 praedicans
1259 3814 1269 3869 ;
1292 3811 1328 3854 ac

226 3904 355 3990 proinde
374 3900 526 3988 quidquid
546 3900 584 3964 de
598 3899 665 3964 Deo
688 3921 724 3964 ex
739 3898 884 3963 creaturis
898 3899 1063 3978 noscimus,
1079 3900 1265 3985 estquidam
1280 3903 1327 3966 in-

227 4019 313 4082 finite
334 4016 415 4080 infra
428 4014 572 4088 ¹veritatis
596 4012 831 4097 plenitudinem,
855 4012 909 4077 sed
937 4034 1001 4077 non
1030 4022 1137 4078 contra
1158 4015 1326 4084 veritatem.

225 4128 345 4195 Accidit
359 4136 463 4191 autem
478 4124 566 4190 nobis
580 4124 613 4189 in
628 4123 689 4188 Dei
702 4123 770 4188 idea
783 4123 970 4189 efformenda
984 4147 1021 4189 ex
1035 4127 1180 4192 creaturis
1194 4127 1227 4192 id
1241 4131 1325 4215 quod

224 4240 386 4328 aliquando
408 4237 518 4303 eccidit
532 4236 647 4302 videnti
669 4236 764 4301 solam
786 4236 926 4301 umbram
949 4238 1083 4324 corporis
1104 4238 1138 4304 in
1155 4261 1261 4307 muro:
1285 4265 1321 4309 cx

225 4355 332 4420 umbra
354 4350 511 4418 enim'illa
527 4348 657 4414 insertur
679 4348 783 4413 statim
805 4347 965 4413 existentia
988 4350 1130 4435 corporis,
1147 4360 1177 4415 et
1199 4354 1322 4436 quidem
