3240 4986
279 373 343 434 148
585 391 628 434 ns
644 391 787 434 serrone
806 391 861 433 nn1
880 391 916 433 nv
934 390 1063 434 nonno.
1253 368 1338 454 [cnr.
1356 390 1380 432 1.

277 557 401 622 habitus
416 555 614 641 cognoscitivi
627 565 659 622 et
679 555 838 641 appetitivi
852 577 915 619 non
931 555 1072 640 indigent
1087 553 1209 640 speciali
1224 576 1380 620 conserva-

276 669 370 733 tione.
416 667 565 732 Praeterea
576 667 699 731 habitus
714 676 745 731 et
760 675 846 732 actus
862 675 935 730 runt
950 666 1107 751 opposita:
1131 666 1217 751 atqui
1230 665 1380 751 quidquid

277 777 448 862 specialiter
471 787 666 841 conservatur
691 788 737 841 est
760 787 846 840 actus
873 777 1031 841 actualiter
1057 777 1225 841 terminans
1247 777 1380 840 divinam

277 889 448 966 actionem;
478 911 550 972 ergo
576 888 701 952 habitus
724 910 787 951 non
818 887 988 973 specialiter
1017 896 1221 954 conservatur.
1265 889 1306 952 Ilt
1335 911 1382 952 res

279 1001 377 1083 magis
392 999 492 1064 adhuc
508 999 624 1084 patebit
640 1021 675 1062 ax
691 998 825 1083 proxime
840 997 996 1062 addendis.

322 1111 459 1175 Tandem
485 1109 523 1174 de
548 1118 636 1173 motu
665 1117 767 1194 potest
793 1131 858 1172 esse
882 1083 1010 1192 quaestio
1036 1131 1074 1173 an
1099 1109 1235 1194 indigeat
1261 1110 1383 1194 speciali

279 1223 516 1286 conservatione.
573 1221 614 1283 Et
644 1219 846 1305 respondetur
875 1241 937 1283 non
967 1219 1112 1304 indigere.
1169 1220 1249 1284 Nam
1280 1229 1383 1284 motus

279 1333 442 1417 dupliciter
459 1332 647 1417 concipitur:
679 1330 727 1397 vel
742 1341 777 1395 ut
792 1341 838 1396 est
856 1332 1001 1396 continua
1015 1332 1147 1417 receptio
1166 1340 1253 1402 aetus
1268 1331 1384 1412 motivi,

279 1444 327 1509 vel
343 1453 378 1508 ιιι
393 1453 439 1508 est
455 1444 583 1528 simplex
601 1443 730 1508 mutatio
745 1443 927 1508 ubicationis
949 1443 1115 1528 procedens
1129 1466 1165 1507 ex
1185 1454 1255 1508 actu
1270 1444 1384 1508 motivo

279 1555 341 1618 iarn
356 1564 478 1638 recepto
493 1554 525 1617 in
542 1553 677 1618 materia.
716 1553 750 1619 Si
765 1553 929 1638 accipiatur
944 1562 980 1618 ut
992 1554 1137 1619 continua
1151 1555 1283 1639 receptio
1298 1563 1384 1620 actus

280 1665 386 1729 motivi
407 1667 449 1747 (in
474 1687 535 1750 quo
560 1687 652 1728 sensu
676 1665 835 1749 passivitas
862 1665 995 1729 materiae
1020 1688 1089 1729 vere
1111 1674 1260 1745 movetur,
1282 1666 1314 1729 id
1337 1675 1384 1730 est

280 1784 421 1840 actuatur
436 1775 602 1839 successive
618 1774 744 1840 diversis
758 1775 806 1839 vel
821 1775 973 1840 distinctis
988 1775 1106 1840 actibus
1120 1776 1301 1841 facientibus
1316 1799 1381 1841 eam

281 1883 448 1949 successive
470 1884 558 1948 aliter
572 1892 603 1947 et
618 1884 706 1948 aliter
723 1885 887 1949 intrinsece
903 1909 935 1949 se
949 1885 1085 1969 habere),
1101 1894 1175 1951 tunc
1190 1887 1312 1952 evidens
1327 1895 1383 1981 est,

279 1996 363 2060 hunc
379 2004 496 2059 motum
519 2019 584 2060 esse
607 2018 726 2081 semper
739 1996 772 2060 in
795 1997 870 2075 fieri,
886 2005 916 2060 et
937 2019 1106 2082 numquam
1129 2020 1251 2062 manere
1273 1998 1305 2061 in
1322 1984 1384 2062 'suo

279 2131 363 2173 esse:
387 2117 417 2172 et
437 2108 506 2172 ideo
526 2108 658 2192 exigitur
675 2131 841 2173 concursus
860 2108 930 2188 Dei,
946 2131 1009 2173 non
1024 2131 1094 2174 vero
1112 2110 1308 2189 conservatio,
1323 2110 1384 2174 nisi

281 2219 464 2284 substantiae
478 2221 597 2304 agentis
612 2242 682 2284 cum
699 2242 754 2283 sua
767 2219 890 2298 virtute,
903 2228 933 2283 et
948 2220 1092 2305 patientis
1104 2243 1174 2285 eum
1190 2243 1245 2285 sua
1259 2221 1384 2305 passivi·

280 2340 364 2396 tate:
388 2331 503 2395 sivero
529 2331 694 2416 accipiatur
715 2339 818 2395 motus
840 2343 876 2395 ut
897 2339 945 2394 est
966 2333 1067 2396 fluxus
1089 2333 1258 2396 ubicativus
1280 2354 1383 2396 conse-

281 2465 379 2526 quens
405 2441 610 2526 receptionem
638 2451 725 2506 aetus
753 2442 869 2522 motivi,
895 2450 970 2507 tunc
1000 2453 1035 2507 ut
1060 2452 1253 2509 conservetur
1281 2454 1384 2508 motus

281 2553 393 2617 sufficit
420 2562 454 2616 ut
481 2554 606 2617 materia
630 2554 669 2617 sit
694 2552 751 2618 sub
778 2553 1029 2618 determinatione
1054 2565 1192 2640 recepta;
1214 2554 1279 2619 haec
1302 2555 1383 2619 enim

282 2663 497 2728 determinatio
513 2663 587 2727 dicit
602 2663 694 2727 simul
710 2664 905 2728 directionem
922 2673 1025 2729 motus
1039 2674 1070 2728 et
1084 2665 1284 2730 velocitatem.
1310 2665 1385 2730 Haeo

281 2785 383 2840 autem
401 2775 613 2839 determinatio
629 2784 766 2840 servatur
780 2774 812 2838 in
828 2776 954 2840 materia
969 2798 1005 2840 eo
1020 2777 1086 2860 ipso
1101 2776 1183 2862 quod
1199 2776 1325 2840 materia
1339 2785 1386 2841 est

280 2887 372 2965 iners,
385 2886 449 2950 sine
464 2885 528 2950 ulla
544 2886 664 2970 speciali
679 2887 797 2951 actione
812 2887 850 2950 ab
863 2888 1048 2951 extrinseco:
1070 2887 1152 2972 quod
1167 2895 1270 2971 patere
1284 2895 1385 2972 potest

282 3002 316 3061 1⁰
327 3021 362 3061 ex
377 3019 413 3061 eo
428 2997 511 3083 quod
523 2997 664 3060 velocitas
679 3007 710 3060 et
725 2998 851 3063 directio
867 2999 959 3062 semel
975 2998 1128 3083 impressae
1143 3008 1285 3063 maneant
1301 2999 1338 3063 de
1354 3023 1386 3064 se

281 3108 314 3171 in
330 3107 438 3172 mobili
457 3106 699 3192 independenter
714 3130 732 3171 a
747 3130 837 3173 causa
856 3109 992 3193 proxima
1007 3117 1126 3174 motus:
1150 3111 1185 3174 2⁰
1199 3131 1285 3173 exeo
1303 3110 1386 3194 quod

282 3219 412 3283 mutatio
428 3218 487 3282 loci
501 3240 563 3282 non
587 3218 627 3280 sit
646 3219 746 3302 passio
764 3220 838 3302 (non
861 3219 943 3284 enim
959 3221 1104 3305 recipitur
1124 3222 1156 3284 in
1172 3221 1316 3301 subiecto,
1333 3222 1385 3286 sed

283 3338 406 3393 tantum
430 3329 590 3392 constituit
614 3329 724 3394 mobile
738 3331 771 3394 in
795 3330 920 3395 diversis
937 3333 1102 3397 successive
1124 3333 1321 3397 relationibus
1336 3356 1386 3398 ex-

282 3439 446 3524 trinsecis),
461 3450 492 3504 et
508 3440 550 3504 sic
569 3440 686 3505 nullam
702 3442 850 3505 actualem
868 3441 1018 3506 actionem
1033 3443 1133 3528 exigat
1142 3470 1152 3523 3
1176 3466 1272 3529 quum
1286 3445 1387 3509 omnis

284 3553 362 3617 actio
376 3552 541 3636 recipiatur
560 3552 594 3616 in
609 3551 728 3637 aliquo:
751 3576 814 3617 non
830 3575 903 3637 ergo
926 3554 1019 3638 exigit
1036 3555 1304 3635 conservationem,
1318 3579 1388 3642 quae

284 3665 324 3728 sit
347 3662 484 3748 specialis
500 3662 599 3728 actio:
623 3666 658 3727 3⁰
672 3685 708 3727 ex
728 3685 764 3727 eo
779 3664 861 3748 quod
881 3665 1011 3729 mutatio
1024 3665 1083 3730 loci
1099 3666 1138 3730 sit
1153 3666 1305 3750 quoddam
1321 3667 1387 3732 fieri

284 3797 432 3840 novarum
443 3772 627 3837 relationum
642 3773 782 3838 localium
795 3799 802 3838 ι
826 3797 916 3839 omne
928 3785 1029 3839 autem
1041 3776 1123 3862 quod
1135 3788 1181 3842 est
1188 3778 1261 3860 fieri
1271 3778 1387 3864 respuit

284 3885 553 3962 conservationem,
564 3893 599 3948 ut
614 3882 730 3949 dietum
745 3895 792 3949 est
807 3908 916 3970 supra:
939 3891 974 3950 4⁰
983 3887 1107 3951 tandem
1123 3911 1159 3952 cx
1170 3911 1205 3952 eo
1220 3889 1303 3974 quod
1315 3912 1389 3954 con·

282 4002 389 4081 ceptus
413 3996 650 4060 conservationis
674 3994 807 4060 involvat
831 3996 1019 4060 durationem
1044 4000 1244 4065 successivam
1266 4009 1387 4066 motus:

283 4107 309 4171 si
324 4128 396 4190 ergo
411 4106 502 4170 etiam
520 4115 621 4170 motus
642 4106 772 4191 exigeret
788 4108 1047 4172 conservationem
1062 4109 1101 4174 ad
1117 4110 1300 4192 durandum,
1316 4133 1388 4177 con·

283 4218 411 4282 servatio
426 4217 555 4302 seipsam
571 4225 765 4301 supponeret.

327 4327 548 4392 Concludimus
563 4349 636 4411 ergo
650 4328 842 4412 generaliter,
859 4327 944 4392 nulla
959 4329 1127 4394 accidentia
1141 4331 1293 4396 naturalia
1308 4331 1388 4396 indi·
