3212 4986
232 387 300 430 cnr.
318 366 356 450 1.]
709 388 752 430 nr
769 389 843 431 ono.
1310 367 1331 428 9
1441 370 1445 376 '

232 576 338 617 sumus
358 575 538 638 cognoscere
556 562 709 619 creaturas
730 554 842 631 finitas,
858 553 918 617 nisi
939 553 1026 638 prius
1041 575 1262 637 cognoscamus
1276 574 1331 616 ens

231 666 398 730 infinitum.

276 777 458 861 Respondeo
472 800 538 861 croy.
553 787 614 842 ont.
630 785 661 841 et
676 799 754 841 cons.
778 777 859 840 Nam
872 799 927 840 ens
937 776 1059 840 finitum
1069 774 1160 841 habet
1171 775 1330 839 entitatem

233 911 319 951 suam
337 889 500 973 propriam,
516 912 570 973 per
590 912 683 973 quam
702 888 909 973 concipiatur:
932 897 963 950 et
982 887 1075 952 homo
1098 887 1284 952 constitutus
1298 887 1331 948 in

233 999 372 1062 cubiculo
384 999 486 1063 clauso
495 999 572 1062 bene
582 999 714 1082 concipit
724 998 856 1084 spatium
868 997 945 1061 illud
960 998 1094 1075 finitum,
1106 997 1181 1082 quin
1196 997 1332 1081 indigeat

233 1111 367 1193 cogitare
386 1110 423 1173 de
443 1109 560 1194 reliquo
582 1110 703 1174 infinito
721 1109 819 1194 spatio
841 1108 1021 1193 occupabili.
1065 1108 1144 1172 Vide
1164 1131 1232 1194 quae
1252 1108 1333 1172 dicta

234 1232 307 1285 sunt
322 1221 360 1284 de
375 1221 440 1286 loco
454 1222 487 1284 in
503 1229 634 1285 tractatu
650 1221 688 1285 de
702 1221 800 1284 tribus
816 1221 968 1284 continuis
984 1222 1027 1300 (n.
1044 1223 1097 1298 20,
1109 1221 1176 1303 21).

282 1335 411 1418 Urqebs's.
437 1333 538 1398 Omne
562 1334 686 1398 finitum
710 1342 756 1398 est
778 1333 960 1416 contingens
983 1341 1013 1396 et
1035 1332 1205 1396 relativum.
1250 1332 1333 1415 Ergo

233 1445 341 1530 nequit
364 1446 481 1531 concipi
502 1447 562 1510 nisi
584 1469 655 1510 cum
669 1446 815 1510 relatione
829 1445 869 1509 ad
884 1445 1086 1509 necessarium
1103 1452 1133 1508 et
1148 1443 1332 1522 absolutum,

233 1558 317 1642 quod
332 1568 378 1622 est
393 1558 489 1621 Deua.

278 1669 460 1754 Respondeo
482 1691 560 1732 conc.
576 1677 636 1732 ant.
659 1669 729 1732 dict.
744 1691 821 1732 conc.
837 1690 900 1732 non
923 1675 1023 1752 potest
1045 1669 1165 1751 concipi
1187 1668 1243 1731 sub
1262 1689 1334 1732 con·

211 1779 213 1786 ’
233 1789 324 1864 coptu
339 1779 473 1859 relativo,
485 1779 544 1843 nisi
559 1801 630 1843 cum
645 1778 790 1843 relatione
805 1789 861 1842 etc.
875 1803 953 1843 coac.
967 1802 1057 1858 cona,
1068 1801 1131 1844 non
1146 1788 1247 1863 potest
1262 1801 1337 1843 con··

234 1892 294 1976 cipi
316 1873 494 1976 simpliciter
516 1890 683 1955 secundum
707 1891 790 1970 quod
811 1889 903 1956 habet
926 1913 991 1955 esse
1013 1891 1046 1953 in
1065 1914 1107 1971 se,
1123 1891 1182 1954 nisi
1197 1901 1253 1956 etc.
1270 1915 1334 1975 aeq.

234 2026 310 2067 coar.
358 2003 444 2066 Sicut
460 2001 656 2086 impossibilis
671 2010 718 2064 est
733 2001 839 2065 relatio
858 2002 922 2064 sine
943 2001 1146 2066 fundamento
1172 2002 1266 2086 (quod
1288 2011 1334 2066 est

233 2111 331 2175 forma
345 2111 524 2194 relationis),
539 2111 583 2174 ita
604 2111 695 2174 etiam
718 2111 913 2195 impossibilis
936 2121 983 2174 est
1005 2112 1071 2175 sinc
1093 2114 1231 2177 terminis
1246 2113 1334 2178 abso-

233 2221 317 2300 lutis,
333 2221 388 2306 qui
402 2245 421 2285 a
435 2221 488 2284 tali
504 2221 704 2285 fundamento
719 2222 881 2286 trahantur
895 2221 934 2286 ad
948 2245 1014 2286 esse
1028 2222 1197 2288 relativum.
1234 2225 1335 2300 Quare

233 2333 431 2418 quantumvis
447 2355 501 2396 ens
523 2333 647 2396 finitum
665 2332 705 2396 sit
726 2331 896 2410 relativum,
908 2341 1031 2397 constat
1052 2342 1153 2397 tamen
1173 2334 1335 2400 intrinsece

234 2445 337 2530 aliquo
348 2444 499 2522 absoluto,
510 2467 565 2528 per
573 2444 656 2529 quod
668 2444 787 2528 concipi
797 2453 907 2528 potest.
936 2445 1083 2509 Similiter
1091 2468 1146 2509 ens
1154 2445 1335 2529 contingens

234 2556 377 2641 cognosci
406 2563 517 2640 potest,
548 2555 623 2641 quin
647 2555 750 2619 statim
773 2555 913 2640 explicite
934 2556 1105 2640 attingatur
1127 2556 1192 2621 eius
1214 2558 1333 2620 contiu-

234 2667 360 2752 gentia;
381 2667 476 2730 immo
491 2667 598 2750 nequit
613 2666 822 2750 contingentia
836 2668 880 2731 rei
894 2667 1045 2752 cognosci,
1061 2666 1121 2731 nisi
1136 2678 1336 2752 cognoscatur

235 2780 320 2864 priua
342 2802 389 2844 res
401 2805 410 2858 3
434 2778 507 2863 quia
529 2778 687 2842 relativum
709 2800 773 2841 non
796 2778 965 2862 concipitur
987 2779 1047 2842 nisi
1061 2775 1131 2864 post
1146 2778 1332 2843 absolutum.

237 2891 330 2954 Secus
353 2913 415 2954 non
438 2912 559 2974 possem
581 2909 764 2972 cognoscere
782 2888 949 2968 hominem,
965 2888 1025 2952 nisi
1040 2910 1252 2974 cognoscerem
1268 2891 1334 2954 eius

235 3009 371 3088 patrem:
395 3024 492 3087 quum
512 3000 595 3064 enim
614 3000 666 3064 ille
681 3000 773 3063 homo
788 3000 828 3063 sit
843 3000 934 3081 filius,
949 3009 995 3064 est
1010 3023 1065 3065 ens
1079 3001 1258 3066 relativum:
1282 3003 1336 3067 sed

234 3115 361 3180 evidens
380 3121 437 3192 est,
452 3132 516 3176 non
534 3133 626 3196 posse
647 3111 804 3176 hominem
825 3111 968 3195 cognosci
988 3110 1045 3175 sub
1063 3112 1245 3177 formalitate
1259 3112 1336 3179 rela-

236 3228 298 3292 tiva
312 3225 378 3306 filii,
388 3225 449 3289 nisi
464 3231 665 3306 cognoscatur
674 3224 759 3307 prius
769 3223 826 3286 sub
841 3222 1025 3288 formalitate
1039 3222 1179 3288 absoluta
1192 3224 1335 3290 hominis.

235 3339 287 3403 Ad
301 3337 365 3402 haec
379 3337 479 3401 notari
490 3342 601 3420 potest,
613 3335 696 3420 quod
706 3335 784 3398 sicut
796 3334 877 3399 filius
886 3334 960 3399 dicit
969 3335 1146 3400 relationem
1158 3335 1197 3400 ad
1208 3346 1336 3421 patrem,

237 3459 267 3515 et
291 3448 460 3534 generatim
484 3447 608 3512 effectus
630 3446 670 3510 ad
691 3469 824 3526 causam,
839 3447 883 3509 ita
906 3455 993 3530 pater
1015 3446 1089 3511 dicit
1106 3447 1282 3512 relationem
1298 3450 1337 3513 ad

236 3563 344 3639 filium,
357 3568 387 3624 et
399 3582 490 3624 causa
501 3559 539 3623 ad
549 3557 703 3622 effectum:
727 3567 758 3622 et
769 3568 998 3642 consequenter,
1011 3559 1036 3623 si
1047 3567 1190 3623 creaturae
1201 3561 1337 3626 conside-

237 3681 344 3738 rantur
356 3679 391 3734 ut
404 3670 489 3734 entia
500 3670 634 3749 relativa,
647 3669 718 3754 quia
733 3679 806 3733 sunt
822 3670 860 3734 ab
876 3670 943 3750 alio,
956 3671 1048 3734 etiam
1064 3671 1159 3751 Deus,
1171 3681 1207 3736 ut
1222 3683 1339 3738 creator

235 3783 369 3860 illarum,
381 3781 622 3846 considerabitur
633 3779 756 3844 relative
771 3790 801 3844 et
817 3781 874 3845 sub
894 3792 1044 3866 conceptu
1059 3805 1165 3846 causae.
1190 3784 1252 3847 Sed
1266 3807 1338 3849 con-

238 3904 344 3980 ceptus
358 3915 465 3971 causae,
482 3899 517 3955 ut
533 3891 586 3971 sic,
602 3914 665 3955 non
680 3901 726 3955 est
741 3901 906 3976 conceptus
921 3893 1001 3956 entis
1022 3893 1181 3957 necessarii
1201 3903 1232 3958 ct
1250 3896 1337 3960 abso-

237 4007 306 4085 luti,
322 4005 383 4069 nisi
405 4026 496 4068 causa
517 4003 683 4088 accipiatur
705 4025 775 4068 cum
798 4004 903 4068 addito
925 4015 960 4068 ut
983 4028 1071 4069 cansa
1086 4008 1205 4088 primo:
1229 4019 1260 4072 et
1281 4008 1340 4076 hoc

236 4117 383 4182 additum
398 4115 517 4200 indiget
532 4115 643 4178 deduci
656 4137 711 4200 per
722 4115 915 4180 ratiocinium
930 4115 1093 4180 fundatum
1109 4117 1141 4181 in
1157 4119 1282 4184 notione
1297 4123 1340 4186 rei

238 4230 334 4294 finita
349 4237 379 4292 et
394 4226 613 4312 contingentis.
658 4228 741 4312 Ergo
763 4228 848 4312 prius
871 4225 1065 4312 cognoscitur
1086 4251 1141 4294 ens
1164 4231 1285 4296 finitum
1309 4245 1340 4298 ct

239 4343 433 4426 contingens,
458 4362 549 4425 quarn
574 4348 774 4422 cognoscatur
800 4363 854 4405 ens
880 4339 1035 4404 infinitum
1067 4350 1098 4405 et
1128 4346 1340 4409 necessarium.
