3240 4986
298 363 363 428 130
754 383 797 426 nn
814 382 946 428 nunno.
1242 363 1328 448 [resa.
1343 383 1401 429 111.

298 547 438 612 similiter
458 547 540 628 finis,
555 569 647 633 quem
666 548 757 613 habet
771 549 859 612 Deus
880 549 914 613 in
934 546 1064 613 creando
1082 555 1128 612 est
1143 547 1290 633 optimus,
1305 547 1399 614 idest

299 658 500 740 rectissimus,
530 659 753 739 sanctissimus,
783 659 1037 745 sapientissimus,
1063 680 1160 743 quum
1175 659 1263 723 Deus
1299 657 1339 723 ad
1367 681 1400 722 se

298 770 411 856 dirigat
421 771 563 836 universa
574 779 667 856 prout
678 771 784 837 decet:
809 761 862 836 sed
873 793 936 835 non
947 779 993 835 est
1003 770 1142 836 absolute
1152 771 1288 856 optimus
1298 769 1401 856 quoad

297 879 427 966 gradum
441 881 546 966 gloriae
560 880 734 947 obtinendae
742 907 752 961 3
775 882 847 968 quia
862 888 1013 967 repugnat
1028 881 1139 946 divinae
1154 882 1310 967 sapientia
1322 881 1399 947 velle

295 992 505 1077 impossibilia,
529 1001 565 1058 ut
588 993 706 1059 dictum
730 1003 795 1059 est:
829 1001 860 1058 et
889 1001 1044 1078 praterea,
1067 993 1140 1078 quia
1169 1015 1256 1060 secus
1284 993 1397 1078 periret

296 1102 401 1168 divina
413 1103 550 1170 libertas.

339 1217 392 1280 53.
417 1214 573 1292 Quaeritur
594 1214 793 1295 secundare
813 1215 936 1280 mundus
956 1215 998 1279 sit
1010 1213 1163 1300 perfectus
1185 1217 1217 1279 ira
1238 1215 1339 1280 ordine
1360 1217 1401 1280 od

288 1325 382 1409 finem
396 1328 433 1391 ot
448 1349 533 1411 quem
546 1337 662 1392 creabas
675 1334 728 1392 eat.

340 1437 523 1523 Respondao
541 1437 729 1502 affirmative.
774 1436 865 1502 Ratio
883 1445 930 1503 eat
943 1437 1017 1522 quia
1030 1436 1175 1522 perfectio
1190 1436 1223 1500 in
1237 1435 1344 1502 ordine
1358 1435 1398 1500 ad

293 1545 386 1610 finem
400 1546 434 1610 in
448 1548 507 1612 hoe
521 1547 661 1612 consistit
674 1547 759 1633 quod
772 1546 908 1612 medium
924 1548 964 1612 sit
979 1548 1116 1634 undique
1129 1548 1395 1633 proportionatum

295 1657 335 1722 ad
348 1658 452 1738 finem,
464 1666 496 1723 et
510 1682 564 1745 per
578 1660 712 1724 madium
725 1659 858 1746 perfecte
868 1660 1043 1726 obtineatur
1053 1660 1123 1724 finis
1133 1685 1141 1724 :
1164 1659 1250 1744 atqui
1260 1659 1397 1723 mundus

295 1777 342 1833 est
363 1770 500 1835 medium
522 1771 654 1856 perfecte
674 1771 940 1856 proportionatum
962 1771 1002 1836 ad
1024 1770 1157 1836 dandam
1176 1771 1245 1836 Deo
1267 1771 1395 1855 gloriam

294 1879 493 1945 extrinsecam
516 1880 685 1945 secundum
709 1877 882 1946 mensuram
908 1904 1001 1967 quam
1023 1881 1110 1946 Deus
1139 1881 1293 1960 intendit3
1322 1903 1396 1966 ergo

295 1991 430 2056 mundus
453 1991 512 2057 iste
537 2000 585 2056 eat
607 1993 733 2056 omnino
757 1992 915 2078 perfectus·
935 1992 969 2058 in
992 1992 1099 2057 ordine
1118 1991 1158 2056 ad
1177 2015 1268 2056 sunm
1290 1993 1395 2056 linem.

295 2101 401 2166 Minor
415 2109 535 2168 constat
549 2124 567 2167 a
581 2102 676 2189 priori
684 2127 694 2182 3
717 2103 789 2188 quia
803 2125 899 2188 quum
908 2104 994 2169 Dens
1009 2104 1076 2170 vult
1089 2105 1249 2169 efficaciter
1263 2103 1396 2189 aliquem

293 2213 398 2293 linem,
414 2212 539 2279 adhibet
553 2212 655 2278 media
668 2212 709 2277 ad
722 2213 816 2278 finem
831 2214 1125 2295 convenientissime,
1140 2215 1309 2279 ut'eridens
1323 2223 1381 2279 est.

338 2326 391 2390 54.
418 2326 554 2390 Obiieiea.
580 2325 660 2389 Sunt
677 2324 710 2389 in
725 2325 842 2389 mundo
857 2334 1002 2390 creaturae
1015 2325 1128 2402 liberae,
1143 2348 1211 2411 quae
1225 2325 1397 2390 abutuntur

294 2435 436 2500 libertate
462 2443 568 2528 contra
588 2437 710 2500 Deum:
734 2435 788 2500 sed
812 2435 870 2500 boc
893 2457 956 2500 non
979 2436 1080 2500 tendit
1106 2437 1145 2500 ad
1167 2436 1295 2521 gloriam
1315 2436 1375 2500 Dei
1386 2461 1396 2514 3

296 2569 368 2632 ergo
382 2546 520 2611 mundus
533 2568 597 2628 non
612 2555 658 2612 est
672 2546 826 2632 perfectus
841 2546 994 2613 inordina
1009 2547 1049 2612 ad
1061 2549 1168 2614 finem.

336 2659 521 2744 Respondes
542 2681 568 2724 a.
585 2659 635 2722 M.
651 2659 719 2724 diat.
733 2660 804 2724 min.
820 2665 857 2723 e'x
869 2659 1041 2738 intentione
1056 2668 1201 2724 creaturae
1215 2682 1240 2723 a.
1256 2659 1337 2738 min,
1347 2658 1395 2722 in-

286 2770 355 2836 rita
368 2779 506 2836 creatura
519 2793 549 2834 u.
571 2773 641 2835 mira.
664 2779 693 2835 et
715 2793 793 2836 corea
839 2771 914 2835 Nou
933 2771 1016 2836 enim
1038 2770 1212 2856 putandum
1234 2780 1290 2851 est,
1306 2792 1395 2855 posse

293 2889 462 2947 ereaturam
477 2904 532 2967 per
547 2881 677 2946 abusum
692 2881 842 2948 libertatis
857 2884 983 2948 finema
994 2882 1062 2950 Deo
1072 2884 1227 2948 intentum
1235 2883 1375 2948 frustrari
1383 2909 1394 2962 3

293 2993 366 3078 quia
379 2993 507 3078 gloriam
522 2992 617 3072 illam,
632 3014 725 3078 quam
736 2994 822 3058 Deus
837 2994 976 3078 praevidit
992 2994 1050 3059 sibi
1064 3003 1212 3080 negatum
1226 2994 1296 3058 iria
1310 3015 1394 3059 crea·

292 3112 373 3184 tura,
395 3104 454 3169 elio
475 3103 568 3168 modo
589 3125 713 3189 prorsus
734 3106 940 3191 consequitur,
963 3107 1011 3171 vel
1032 3115 1224 3193 repugnante
1245 3115 1394 3171 creatura.

293 3214 395 3292 Quam
418 3237 498 3300 saepe
519 3215 611 3280 homo
632 3238 670 3280 ex
691 3215 789 3281 abusu
810 3217 959 3282 libertatis
981 3218 1170 3283 occasionem
1199 3218 1392 3298 humilitatis,

291 3326 482 3412 paenitentiae
511 3334 542 3391 et
565 3326 693 3391 aliarum
719 3327 868 3393 virtutrnn
894 3328 1030 3392 inveniti
1085 3328 1240 3406 Quantam
1264 3329 1393 3414 gloriam

291 3439 370 3502 eruit
380 3438 468 3503 Deus
482 3461 519 3502 ex
532 3438 683 3503 iniustitia
692 3448 930 3524 persecutorum,
941 3462 1010 3525 quae
1020 3440 1207 3506 heroismum
1217 3441 1392 3528 Martyrum

291 3550 432 3624 excitavit
447 3570 482 3614 ac
496 3549 656 3634 patefecit!
704 3551 774 3630 Sed,
786 3559 823 3614 ut
836 3550 902 3615 haec
916 3551 1105 3632 omittamus,
1117 3559 1234 3616 certum
1249 3561 1295 3616 est
1310 3551 1393 3637 quod

292 3662 386 3726 etiam
407 3684 445 3752 ex
466 3660 574 3746 culpis,
604 3683 671 3746 quae
693 3662 811 3726 nullam
833 3661 948 3726 habent
970 3663 1003 3728 in
1024 3664 1083 3728 hoe
1105 3663 1222 3728 mundo
1245 3663 1394 3728 eiusmodi

289 3773 580 3858 compensationem,
595 3773 682 3837 Deus
704 3773 832 3858 gloriam
851 3796 937 3838 suam
952 3783 1038 3840 e'rnet
1053 3798 1104 3839 eas
1118 3775 1274 3861 puniendo
1281 3801 1292 3854 3
1314 3775 1392 3840 fate·

291 3885 407 3949 buntur
429 3883 511 3948 enim
536 3882 609 3947 olim
623 3882 672 3947 vel
697 3883 785 3948 inviti
810 3883 944 3948 divinam
970 3884 1036 3949 eius
1057 3884 1216 3965 iustitiam,
1232 3885 1286 3971 qui
1308 3908 1392 3950 nunc

197 4077 201 4083 Ι
290 4003 492 4062 contemnunt
506 3993 692 4060 bonitatem:
714 3995 758 4059 ita
767 4002 810 4059 ut
822 4017 858 4060 ex
873 3995 971 4060 abusu
984 3996 1133 4061 libertatis
1145 3997 1289 4062 hnmanae
1304 3997 1391 4062 Deus

289 4131 329 4173 ne
352 4129 450 4172 unum
470 4106 593 4191 quidem
617 4106 749 4191 gradum
771 4106 875 4191 gloriae
898 4129 917 4172 a
942 4130 974 4172 se
998 4109 1126 4175 intentae
1148 4110 1316 4174 amissurus
1339 4109 1390 4174 sit.

290 4219 431 4298 Quodsi,
443 4217 580 4282 absolute
591 4218 754 4303 loquendo,
765 4218 901 4283 mundus
911 4228 1014 4305 posset
1024 4221 1167 4286 maiorem
1179 4220 1246 4286 Deo
1261 4221 1389 4306 gloriam

289 4330 371 4410 dare,
389 4352 424 4394 ex
442 4329 501 4393 hoc
521 4328 659 4414 sequitur
679 4328 788 4410 solum,
804 4329 885 4414 quod
903 4329 1010 4414 gloria,
1034 4352 1125 4416 quam
1141 4332 1227 4396 Deus
1254 4353 1309 4417 pro
1329 4332 1389 4396 fine
