3240 4986
276 359 340 422 124
729 374 772 418 ns
789 374 919 418 xuucc.
1219 351 1303 436 [css.
1321 371 1375 417 111.

275 546 367 610 medii
382 545 518 610 adhunc
533 545 625 609 finem
640 570 647 609 ε
671 555 738 609 tum
754 545 826 630 quia
841 544 975 629 cognitio
991 567 1051 630 qua
1060 544 1147 608 Deus
1162 566 1194 607 se
1209 540 1376 627 cognoscit,

274 667 304 722 et
322 679 407 722 amor
424 678 486 742 quo
505 679 536 721 se
558 664 651 736 amet,
666 665 739 720 sunt
757 655 832 742 quid
847 678 965 721 summe
980 655 1193 732 necessarium,
1208 654 1284 718 dum
1303 652 1375 718 finis

273 768 508 856 quem'intendit
518 777 565 833 est
574 766 649 854 quid
659 767 753 833 libere
762 767 929 833 intentum:
941 775 1007 831 tum
1021 767 1092 852 quia
1103 765 1173 830 finis
1182 773 1228 830 est
1240 765 1375 851 primum

273 881 306 946 iu
325 880 497 945 intentione
513 889 544 944 et
560 879 704 944 ultimum
719 879 752 943 in
767 879 953 959 executione,
969 878 1103 964 cognitio
1118 899 1198 956 vero,
1214 899 1274 962 que
1289 877 1374 941 Deus

272 1015 305 1058 se
320 993 486 1078 cognoscit,
496 1001 527 1056 et
542 1013 696 1077 amorque
707 1015 738 1056 se
749 992 842 1071 a'mat,
854 989 1051 1076 concipienda
1061 999 1133 1054 suut
1142 989 1175 1054 in
1184 989 1252 1053 Deo
1263 987 1374 1053 habere

272 1105 448 1191 perfectam,
463 1114 500 1169 ut
521 1104 564 1169 ita
586 1104 695 1183 dicam,
711 1104 929 1183 executionem,
944 1114 1016 1168 ante
1038 1124 1158 1167 omnem
1182 1099 1304 1165 creandi
1325 1099 1374 1164 in-

272 1217 452 1282 tentionem.
497 1214 548 1279 Ad
561 1215 636 1295 lraec,
651 1215 747 1300 gloria
761 1215 821 1278 Dei
842 1214 1007 1278 intrinseca
1028 1221 1075 1277 est
1089 1211 1220 1292 infinita,
1239 1219 1270 1275 et
1284 1209 1371 1274 inde·

272 1338 412 1413 pentcra
431 1326 546 1390 mundo
569 1335 634 1390 tota
656 1335 720 1404 est3
743 1347 806 1390 non
828 1348 901 1410 ergo
923 1324 1094 1390 intenditur
1116 1347 1169 1409 per
1190 1323 1373 1387 creationem

272 1438 390 1504 risendi.
436 1437 573 1504 Tandem
595 1461 631 1503 ex
652 1437 754 1503 medio
775 1438 862 1502 finito
884 1438 992 1523 nequit
1013 1435 1144 1501 obtineri
1165 1433 1282 1519 aliquid
1303 1434 1373 1498 infi-

272 1551 384 1616 nitum.
429 1551 515 1615 Deus
537 1573 610 1635 ergo
633 1550 728 1614 solam
750 1551 942 1614 ectricsccam
957 1548 1085 1633 gloriam
1101 1571 1156 1632 pro
1170 1547 1231 1610 finc
1245 1545 1372 1613 babuit:

272 1645 303 1727 ct
318 1661 576 1748 quemadmodum
591 1685 646 1748 per
661 1662 867 1748 cognitionem
881 1671 913 1725 et
927 1682 1061 1724 amorem
1078 1660 1126 1723 sui
1142 1659 1207 1744 ipse
1227 1681 1259 1723 se
1279 1659 1372 1744 glori·

271 1775 342 1838 ficat
364 1775 403 1839 ad
425 1774 516 1854 intra,
532 1774 575 1838 ita
589 1774 685 1838 voluit
707 1782 859 1838 creatmas
880 1795 935 1857 per
957 1771 1163 1855 cognitionem
1185 1779 1216 1835 et
1239 1793 1372 1835 amorem

149 1939 151 1943 .
272 1909 342 1950 eum
366 1885 534 1971 glorificare
556 1886 594 1950 ab
617 1893 718 1951 extra:
741 1884 876 1970 cognitio
898 1893 1002 1948 autem
1025 1892 1055 1948 et
1070 1906 1155 1948 amor
1169 1883 1229 1947 Dei
1244 1883 1277 1946 in
1291 1904 1372 1948 crea·

272 1999 350 2062 turis
365 1997 640 2062 manifestationem
655 1996 876 2082 perfectionum
893 1996 1064 2061 divinarum
1079 1995 1284 2079 consequitur.
1381 2012 1386 2024 ·

314 2112 422 2174 Instat.
447 2109 542 2190 Finis,
568 2132 622 2173 seu
643 2109 790 2174 motivum
814 2107 942 2172 actionis
965 2107 1074 2171 divinae
1097 2129 1160 2170 non
1179 2114 1281 2192 potest
1307 2128 1372 2170 esse

271 2220 387 2306 aliquid
402 2220 469 2284 Deo
490 2219 713 2298 extrinsecum3
737 2241 823 2283 secus
837 2219 924 2281 Deus
946 2218 978 2281 in
1002 2218 1121 2282 actione
1143 2239 1197 2281 sua
1216 2215 1255 2280 ab
1270 2215 1372 2301 aliquo

271 2333 437 2397 extrinseco
453 2331 560 2396 fuisset
575 2330 771 2417 dependens3
794 2329 877 2415 quod
892 2338 1052 2415 repugnat.
1097 2329 1180 2413 Ergo
1195 2336 1241 2392 est
1256 2327 1372 2413 ahquid

272 2444 471 2509 intrinsecum
487 2444 563 2507 Deo.

316 2554 496 2639 Respondeo
511 2555 579 2622 dist.
595 2563 656 2619 aut.
673 2576 735 2617 non
750 2561 851 2638 potest
866 2575 931 2618 esse
946 2552 1062 2638 aliquid
1076 2552 1278 2617 extrinsecum
1293 2551 1370 2630 Deo,

248 2738 250 2742 ,
271 2667 303 2731 id
317 2677 363 2731 est
378 2666 543 2730 extrinsece
559 2666 752 2750 praeexistens
767 2689 792 2729 c.
808 2674 881 2744 aut,
897 2665 929 2730 id
944 2673 990 2729 est
1005 2665 1170 2729 extrinsece
1198 2660 1369 2748 producen-

272 2779 346 2842 dum
361 2802 392 2844 rc.
407 2786 468 2842 unt.
513 2778 566 2842 Ad
582 2777 791 2863 probationem
805 2778 873 2842 dist.
889 2776 997 2840 fuisset
1012 2775 1186 2861 dependens
1204 2774 1242 2838 ab
1257 2775 1371 2838 extrin-

271 2913 338 2955 seco
348 2891 449 2976 quoad
459 2891 705 2955 consecutionem
716 2889 786 2953 finis
801 2888 960 2952 extrinseci
972 2911 1062 2968 coac,
1071 2884 1172 2973 quoad
1187 2886 1252 2950 eius
1267 2885 1369 2949 voliti-

270 3025 361 3066 onem
372 3002 495 3066 subdist.
510 3002 617 3066 fuisset
633 3001 808 3086 dependens
824 3000 861 3064 ab
877 3000 980 3085 aliquo
994 2999 1162 3064 extrinseco
1181 3007 1370 3083 tamquama

270 3114 402 3178 termino
424 3113 596 3199 complente
623 3113 799 3177 volitionem
821 3112 854 3175 iu
877 3135 942 3176 esse
964 3110 1132 3175 formaliter
1153 3109 1256 3174 liberte
1278 3132 1369 3190 coac,

270 3225 445 3310 dependens
459 3223 492 3287 in
508 3232 578 3288 actu
593 3224 752 3288 entitativo
768 3223 889 3287 volendi
904 3245 968 3308 nep.
1015 3222 1090 3287 Haec
1105 3221 1261 3306 responsio
1276 3243 1313 3284 ex
1332 3221 1370 3284 iis

270 3357 338 3420 quae
360 3334 491 3398 diximus
510 3332 548 3397 de
567 3332 707 3397 libertate
728 3333 830 3398 divina
844 3333 931 3399 facile
945 3333 1138 3416 intelligitur.
1184 3333 1244 3397 Sed
1260 3341 1369 3396 notan-

269 3447 344 3511 dum
360 3456 406 3510 est
421 3446 504 3530 quod
518 3445 589 3508 finis
603 3467 666 3509 non
680 3445 773 3509 habet
788 3445 936 3511 rationem
952 3447 1061 3524 melici,
1077 3445 1199 3530 quando
1215 3445 1317 3528 agitur
1332 3445 1370 3508 de

270 3558 347 3638 Deo,
363 3558 416 3644 qui
431 3558 544 3622 moveri
558 3557 680 3643 proprie
695 3559 811 3643 nequit,
825 3558 878 3622 sed
893 3557 1043 3622 rationem
1055 3560 1225 3623 intentionis
1236 3565 1368 3622 tantum.

313 3673 365 3734 49.
394 3671 521 3734 Obiicies
535 3671 579 3732 4⁰.
604 3669 689 3733 Finis
703 3667 764 3733 Dei
779 3668 909 3733 creantis
925 3668 1031 3732 debuit
1046 3690 1110 3732 esse
1125 3668 1205 3748 talis,
1217 3668 1271 3753 qui
1285 3689 1371 3752 aeque

270 3781 458 3860 subsisteret,
473 3780 593 3845 etiamsi
614 3779 654 3844 ad
675 3801 737 3843 non
761 3780 924 3844 creandum
940 3779 1027 3844 Deus
1049 3802 1114 3843 sese
1129 3779 1369 3844 determinasset.

271 3894 374 3972 Secus,
391 3892 547 3957 deficiente
568 3891 639 3970 fine,
655 3889 741 3955 Deus
756 3891 788 3955 in
803 3891 933 3955 creando
946 3890 1024 3954 liber
1038 3913 1100 3954 non
1115 3891 1243 3956 fuisset:
1267 3891 1370 3972 idest,

270 4005 296 4070 si
310 4005 417 4069 fuisset
428 4004 495 4067 Deo
506 4003 576 4066 finis
588 4003 626 4067 ad
641 4002 805 4067 creandum
818 4012 848 4067 ct
863 4003 967 4066 nullus
982 4002 1051 4067 finis
1067 4001 1105 4066 ad
1120 4025 1183 4066 non
1195 4001 1369 4084 creandum,

269 4117 354 4181 Deus
370 4124 477 4200 utpote
490 4115 609 4178 infinite
625 4113 744 4199 sapiens
762 4115 804 4197 (et
817 4114 886 4178 ideo
900 4136 963 4177 non
979 4136 1073 4198 agens
1089 4113 1203 4199 absque
1218 4114 1289 4198 fine)
1307 4137 1370 4179 uon

269 4227 419 4313 potuisset
438 4250 501 4291 non
526 4249 636 4304 creare,
652 4224 787 4310 adeoque
801 4225 841 4290 ad
856 4223 1020 4290 creandum
1036 4224 1236 4291 necessitatus
1251 4225 1368 4290 fuisset.

268 4338 352 4422 Ergo
367 4338 446 4417 finis,
463 4361 516 4402 seu
532 4337 691 4416 motivum,
707 4335 928 4422 propterquod
944 4336 1030 4402 Deus
1046 4359 1077 4400 se
1096 4336 1308 4401 determinavit
1329 4337 1367 4401 sd
