3222 4984
263 411 329 472 200
693 430 736 473 on
754 426 920 478 rnrrarro.
1235 407 1324 492 [aar.
1340 428 1364 472 1.

260 610 292 666 et
313 601 517 667 indifferentia
538 603 577 667 ad
599 625 665 668 esse
687 603 727 667 sit
749 625 812 667 non
835 624 899 680 ens,
920 612 1055 667 attamen
1078 623 1127 665 res
1148 602 1363 685 contingenter

261 713 393 777 existens
408 723 454 779 est
469 713 595 799 aliquid,
608 723 639 778 et
654 714 728 778 dum
742 723 790 778 est
804 736 865 778 non
882 723 929 778 est
944 713 1120 778 indifferens
1135 713 1174 777 ad
1189 712 1362 777 essendum.

262 825 364 901 Quare
384 824 471 888 limes
491 825 614 910 quidem
638 847 701 889 non
724 847 778 909 per
800 848 833 888 se
852 824 1028 910 percipitur,
1045 822 1097 888 sed
1117 823 1197 888 illud
1211 846 1265 909 per
1280 822 1364 907 quod

261 936 428 1021 percipitur
451 946 498 1000 est
523 937 589 1022 ipsa
616 936 736 1000 realitas
761 935 805 1000 rei
830 936 863 999 in
889 958 950 1020 qua
974 935 1150 1021 percipitur,
1173 956 1237 998 non
1259 943 1362 998 autem

259 1047 425 1113 infinitum.

303 1157 354 1221 Ad
369 1157 498 1222 alterum
512 1181 543 1222 a.
554 1158 603 1221 M.
619 1157 691 1242 quia
705 1157 764 1221 toti
779 1157 944 1242 opponitur
958 1179 1038 1242 pars,
1054 1165 1085 1221 et
1099 1156 1220 1220 finitum
1237 1177 1300 1220 non
1315 1164 1362 1219 est

259 1289 330 1353 pars
344 1267 457 1332 infiniti
470 1267 504 1331 in
519 1267 600 1332 linea
614 1268 694 1331 entis
702 1293 713 1347 3
726 1289 812 1332 secus
827 1276 965 1331 creatura
979 1277 1058 1332 esset
1073 1288 1143 1351 pars
1154 1266 1224 1346 Dei,
1236 1276 1267 1330 et
1276 1265 1363 1328 Deus

260 1389 339 1444 esset
354 1379 551 1464 compositus,
567 1379 651 1464 quod
665 1401 704 1442 ne
719 1378 778 1464 ipsi
793 1379 917 1463 quidem
933 1378 1115 1463 pantheistae
1133 1377 1254 1443 docent.
1300 1376 1361 1441 Sed

260 1491 333 1575 quia
357 1490 390 1553 in
413 1489 516 1574 aliquo
539 1511 622 1569 casu,
646 1513 674 1554 v.
699 1512 745 1574 gr.
771 1490 804 1552 in
828 1489 1037 1569 multitudine,
1064 1489 1124 1554 dici
1149 1499 1252 1573 posset
1277 1487 1360 1572 quod

259 1601 381 1665 finitum
397 1600 437 1664 sit
452 1622 521 1684 pars
536 1599 658 1678 infiniti,
674 1600 742 1664 ideo
757 1600 926 1686 respondeo
941 1600 1074 1665 secundo
1090 1608 1127 1665 tr.
1139 1601 1188 1663 M.
1204 1600 1273 1664 dist.
1289 1601 1360 1664 min.

260 1734 322 1776 non
337 1720 438 1775 totum
454 1711 486 1774 in
501 1712 600 1796 prima
614 1711 853 1796 apprehensione
865 1711 1058 1796 cognoscitur
1070 1734 1124 1796 per
1135 1721 1236 1775 toturn
1246 1734 1274 1774 n.
1288 1711 1359 1775 min.

261 1845 315 1908 per
330 1821 566 1908 subsequentem
581 1823 798 1907 operationem,
814 1846 875 1908 qua
889 1823 1098 1887 consideretur
1112 1832 1148 1886 ut
1161 1845 1233 1907 pars
1247 1845 1273 1886 c.
1288 1824 1358 1886 min.

261 1945 292 2000 et
309 1959 339 1999 a.
356 1957 433 1999 com.
479 1934 561 1998 Nam
584 1934 674 1998 debet
694 1957 750 2019 per
771 1935 902 2020 primam
924 1934 1195 2019 apprehensionem
1218 1933 1361 2017 cognosci

260 2047 344 2132 prius
367 2056 403 2111 ut
425 2045 548 2130 aliquid,
565 2068 651 2110 secus
672 2068 736 2109 non
754 2055 861 2131 posset
882 2045 928 2109 illi
948 2044 1045 2111 tribui
1065 2045 1144 2109 ratio
1165 2045 1271 2129 partis,
1287 2045 1360 2128 quia

259 2181 322 2222 non
345 2165 448 2243 posset
469 2157 637 2243 comparari
659 2157 699 2221 ad
720 2166 830 2222 totum.
876 2157 968 2222 Ratio
989 2180 1060 2222 vero
1083 2157 1123 2221 ob
1145 2179 1238 2242 quam
1260 2166 1358 2220 trans·

259 2271 394 2333 mittitur
409 2269 504 2334 maior
517 2268 701 2333 indicabitur
715 2269 796 2333 infra
809 2291 840 2333 n.
857 2273 910 2348 24,
925 2271 979 2349 25,
994 2271 1048 2334 26.

304 2384 334 2445 7.
362 2381 489 2445 Obiiciee
511 2384 555 2444 5⁰.
601 2379 635 2444 si
656 2379 811 2444 infinitum
836 2379 1006 2465 concipitur
1029 2401 1083 2464 per
1105 2378 1238 2458 finitum,
1259 2379 1359 2442 conci·

259 2491 344 2576 pitur
358 2492 507 2575 negative.
552 2491 650 2576 Atqui
665 2492 771 2576 nequit
786 2492 903 2574 concipi
919 2492 1069 2575 negative.
1115 2490 1197 2554 Nam
1213 2490 1298 2554 nulla
1312 2500 1359 2554 est

257 2603 381 2686 negatio
395 2602 429 2666 in
440 2601 560 2665 infinito
571 2627 580 2679 ς
614 2601 640 2665 si
662 2622 735 2687 ergo
757 2603 966 2686 conciperetur
986 2603 1135 2688 negative,
1151 2603 1361 2688 conciperetur

259 2735 313 2798 per
328 2712 361 2777 id
375 2712 458 2797 quod
473 2734 536 2776 non
550 2721 597 2776 est
611 2712 643 2775 in
659 2712 747 2797 ipso3
770 2713 854 2797 quod
867 2723 1028 2798 repugnat.

302 2823 484 2908 Respondes
499 2823 567 2888 dist.
579 2824 630 2887 M.
639 2823 790 2908 negative,
802 2823 836 2887 id
850 2832 896 2888 est
911 2847 965 2908 per
976 2824 1171 2908 negationem
1186 2825 1359 2909 negationis

257 2957 283 2998 c.
299 2935 349 2997 M.
365 2955 420 3017 per
446 2933 642 3016 negationem
665 2935 802 2998 entitatis
824 2957 854 2998 n.
871 2935 920 2999 M.
941 2943 972 3000 et
992 2937 1123 3000 contrad.
1145 2937 1217 3000 min.
1232 2959 1263 3000 n.
1279 2959 1357 3001 cona.

258 3045 297 3108 In
312 3045 434 3108 infinito
448 3053 494 3108 est
509 3067 589 3130 pura
599 3045 758 3108 affirmatio
773 3044 931 3125 entitatis3
954 3045 1008 3110 sed
1029 3067 1136 3109 omnes
1151 3046 1253 3110 sciunt
1264 3069 1357 3131 nega·

257 3155 371 3219 tionem
386 3155 558 3239 negationis
572 3155 750 3240 aequivalere
764 3156 967 3221 affirmationi.
1013 3157 1175 3233 Quomodo
1197 3165 1299 3221 autem
1321 3181 1358 3222 ex

248 3266 347 3330 wrebus
380 3267 475 3330 finitis
504 3267 542 3330 ad
572 3277 752 3352 conceptum
783 3269 898 3332 infiniti
926 3269 1125 3333 ascendamus
1151 3270 1194 3334 sic
1226 3268 1357 3355 explicat

256 3379 379 3443 Balmes
393 3378 479 3463 (phil.
495 3379 583 3444 fund.
595 3379 648 3443 lib.
664 3379 726 3444 viii.
743 3401 770 3443 c.
787 3383 831 3462 7).
876 3381 942 3444 Nos
957 3383 1132 3464 corrupimus
1154 3401 1229 3444 asan
1251 3389 1281 3444 et
1295 3383 1358 3445 aias

256 3493 435 3555 contrariam
457 3511 526 3554 Nou
549 3511 636 3555 ussa.
680 3492 751 3554 Duo
773 3491 805 3553 li
826 3500 979 3574 conceptus
1000 3493 1031 3554 in
1052 3513 1083 3555 se
1102 3493 1276 3556 emniderati
1289 3498 1358 3556 sant

251 3603 410 3687 pomerulos,
433 3605 558 3666 macine
583 3604 809 3680 indeterminati,
836 3603 1024 3687 supplicabiles
1052 3605 1183 3667 omnibns
1212 3625 1276 3686 qaue
1297 3626 1357 3686 per

255 3716 462 3798 experientiam
477 3716 682 3798 capnoscimus.
725 3715 774 3777 De
787 3717 866 3777 omni
879 3736 912 3777 re
932 3715 1058 3779 limitata
1073 3737 1230 3797 possumus
1244 3715 1360 3800 aliquid

255 3830 401 3910 affirmare
415 3835 444 3891 et
463 3827 577 3910 aliquid
589 3847 714 3910 nepam:
747 3827 894 3908 affirmare
915 3827 949 3890 id
968 3826 1047 3909 qaod
1066 3847 1114 3888 rea
1127 3834 1181 3904 est,
1196 3843 1303 3910 nauare
1324 3827 1358 3890 id

255 3939 333 4023 quod
345 3961 392 4002 rae
406 3961 464 4002 non
478 3947 531 4002 est.
576 3939 696 4022 Negare
706 3959 795 4000 uuam
809 3938 844 4000 da
858 3939 1158 4016 alio‚eceen1sa1rnu
1168 3939 1220 4000 sul
1228 3940 1355 4022 propria

254 4052 356 4116 limitis
369 4053 484 4116 ratione
486 4097 596 4115 .....
611 4051 712 4114 Ideam
720 4049 815 4134 finiti,
837 4071 888 4112 seu
914 4051 989 4114 entes
1012 4050 1190 4133 implicantis
1212 4051 1356 4132 qemddam
1423 4045 1437 4062 '

252 4185 311 4225 non
326 4184 395 4240 esse,
410 4170 472 4226 tam
480 4183 537 4244 per
551 4163 695 4225 internam
709 4161 927 4242 experientiam,
943 4168 1004 4224 tam
1017 4183 1075 4243 per
1091 4169 1240 4224 autemeam
1255 4162 1353 4245 aequi·

252 4275 352 4334 rimus.
397 4271 523 4334 Animal
543 4273 658 4335 brutum
679 4272 778 4349 sentit,
800 4270 853 4333 sed
864 4294 923 4333 non
937 4271 1084 4354 intellipit.
1140 4271 1238 4334 Sentit
1249 4296 1260 4344 ‚·
1291 4293 1355 4335 ecce

252 4403 321 4444 aas:
344 4403 403 4443 aon
417 4383 578 4464 intellige,-
600 4403 663 4445 ecce
678 4383 807 4445 limitem.
852 4383 949 4445 Homo
966 4383 1104 4466 inteltiqa
1115 4383 1261 4455 etsentit,·
1285 4405 1354 4466 erpo
