3212 4986
295 315 338 378 48
785 336 827 378 ns
844 335 919 378 nso.
1238 327 1326 402 [cnr.
1345 337 1400 380 111.

296 497 374 562 nihil
396 497 498 564 influit
521 499 553 562 in
569 499 726 564 veritatem
749 501 943 584 cognitionis,
959 523 1027 586 quae
1050 501 1107 564 sub
1130 501 1307 568 conditione
1329 525 1400 568 con·

295 609 421 675 tinctur.
468 611 571 695 Atque
597 611 670 676 hiuc
694 611 896 691 concluditur,
924 612 1026 677 Deum
1053 614 1161 678 eodem
1183 615 1277 680 modo
1298 615 1400 680 videre

296 721 439 806 quaslibet
458 722 516 786 sibi
536 722 693 808 possibilia
714 731 750 788 ut
773 722 980 788 conditionate
1006 725 1121 805 lutura,
1143 725 1201 792 sub
1225 727 1400 792 conditione

294 835 321 898 ai
336 835 419 898 Deus
441 837 503 918 ipsc
524 836 603 914 velit,
619 843 650 900 et
665 834 765 899 videre
788 834 932 921 quaelibet
945 835 1098 901 voluntati
1120 845 1230 904 creatae
1244 839 1399 923 possibilia

294 953 331 1009 ut
352 945 560 1011 conditionate
582 948 695 1027 lutura,
727 946 783 1011 sub
806 947 981 1012 conditione
1002 951 1030 1013 ci
1048 951 1158 1032 positis
1187 951 1399 1014 conditionibus

295 1059 504 1138 materialibus,
527 1067 663 1123 nectura
685 1059 765 1124 velit.
810 1058 849 1122 In
873 1067 1003 1145 utmque
1017 1081 1088 1126 vero
1116 1081 1199 1140 casu,
1216 1061 1241 1124 si
1264 1060 1398 1125 conditio

294 1179 436 1255 ponatur,
452 1169 657 1236 conditionate
679 1171 819 1235 futurum
842 1169 1012 1236 mutabitur
1036 1171 1070 1235 iu
1093 1171 1230 1236 absolute
1244 1171 1396 1251 futurum,

295 1290 330 1346 ut
345 1291 439 1367 patet.

733 1632 874 1698 CAPUT
889 1632 955 1697 III.

361 1816 413 1871 DE
431 1815 514 1886 ΠΕΟ,
527 1813 578 1869 UT
597 1813 725 1870 OAUSA
744 1814 862 1870 OMNIS
881 1813 1084 1870 ENTITATIS
1102 1813 1327 1871 PRODUOTAE.

336 1963 389 2026 58.
413 1961 584 2044 Hucusque
606 1959 866 2024 consideravimus
880 1961 982 2026 Deum
1005 1959 1038 2024 in
1061 1959 1167 2025 ordine
1189 1983 1291 2025 rerum
1314 1959 1397 2025 obie-

293 2070 383 2152 ctivo,
393 2071 573 2150 necessario,
583 2070 743 2135 absoluto:
762 2092 846 2134 nunc
861 2070 1039 2135 accedamus
1055 2069 1094 2134 ad
1104 2071 1208 2136 Deum
1223 2079 1259 2136 ut
1273 2093 1396 2136 causam

292 2181 424 2267 primam
439 2181 556 2246 ordinis
570 2180 699 2260 relativi,
716 2181 936 2265 contingentis,
946 2181 1069 2247 realiter
1084 2183 1163 2247 etin
1178 2192 1320 2248 concreto
1334 2182 1396 2246 exi-

294 2293 404 2360 stentis
427 2301 512 2358 extra
533 2293 646 2358 Deum.
693 2292 755 2357 Sed
777 2293 810 2356 in
829 2291 964 2357 transitu
986 2293 1024 2357 ab
1044 2293 1151 2358 ordine
1173 2294 1343 2359 necessario
1365 2302 1396 2358 et

292 2412 405 2469 aeterno
428 2403 467 2468 ad
487 2404 626 2469 ordinem
648 2403 881 2487 contingentem
904 2411 934 2467 et
956 2412 1092 2468 creatum
1115 2404 1221 2468 nullus
1243 2404 1398 2470 invenitur

292 2539 388 2581 nexus
412 2515 612 2594 necessarius,
633 2515 721 2580 cuius
747 2537 805 2599 ope
830 2515 927 2599 possit
953 2537 989 2579 ex
1018 2516 1178 2580 existentia
1204 2516 1264 2580 Dei
1290 2516 1397 2580 inferri

290 2628 451 2693 existentia
474 2636 628 2692 creatura.
675 2627 751 2691 Haec
774 2627 908 2692 carentia
930 2649 1026 2692 nexus
1047 2628 1209 2692 necessarii
1228 2627 1340 2692 fundat
1361 2630 1395 2691 in

290 2739 386 2804 nobis
395 2747 577 2824 conceptum
598 2738 744 2802 libertatis
758 2736 885 2802 divinae:
909 2737 978 2803 ideo
994 2740 1076 2803 enim
1090 2739 1179 2803 Deus
1193 2738 1271 2803 liber
1293 2747 1339 2820 est
1355 2739 1395 2804 ad

290 2858 384 2929 extra,
409 2850 480 2934 quia
509 2849 614 2913 nullus
638 2857 685 2913 est
710 2850 898 2914 necessarius
924 2872 1019 2914 nexus
1043 2851 1123 2915 inter
1146 2851 1248 2914 Deum
1274 2862 1305 2915 et
1331 2873 1395 2915 rem

290 2959 459 3047 quamlibet
473 2969 556 3024 extra
570 2960 672 3024 Deum
696 2959 872 3025 inductivus
888 2969 1033 3025 creaturae
1054 2984 1089 3025 ex
1104 2961 1182 3025 Dec.
1227 2961 1330 3046 Atque
1345 2961 1396 3025 hio

289 3080 337 3137 est
357 3094 446 3136 verus
468 3080 499 3136 et
521 3072 676 3154 genuinus
698 3080 865 3156 conceptus
884 3071 993 3136 divinae
1015 3071 1187 3138 libertatis:
1211 3077 1303 3158 quam
1326 3073 1396 3136 licet

290 3184 495 3268 exprimamus
515 3205 569 3267 per
588 3182 784 3267 negationem
798 3205 897 3247 nexus
911 3184 1073 3248 necessarii
1087 3205 1159 3248 cum
1173 3193 1320 3264 creatura,
1337 3185 1395 3248 sci-

290 3318 359 3360 mus
380 3304 484 3360 tamen
501 3317 566 3360 esse
587 3295 750 3380 positivam
773 3295 942 3360 realitatem
962 3296 1225 3380 perfectissimam,
1242 3298 1320 3362 sicut
1336 3295 1395 3361 alia

289 3407 392 3472 divina
408 3407 566 3486 attributa,
588 3430 656 3492 quae
671 3407 825 3472 vocabulis
845 3407 998 3492 negativis
1017 3407 1241 3492 exprimuntur.
1287 3407 1393 3485 Quum

289 3517 370 3583 enim
386 3539 483 3583 nexus
498 3519 685 3583 necessarius
696 3518 756 3582 Dei
771 3541 842 3582 cum
858 3527 996 3583 creatura
1007 3519 1088 3583 dicat
1103 3519 1267 3584 maximam
1281 3520 1393 3604 imper·

287 3630 461 3709 sectionem,
477 3653 532 3694 seu
554 3631 801 3716 dependentiam,
816 3630 941 3714 negatio
956 3631 1051 3696 buius
1064 3630 1305 3715 imperfectionis
1320 3653 1392 3696 con·

288 3744 396 3807 stituet
415 3743 576 3806 maximam
598 3742 826 3828 perfectionem,
842 3765 896 3807 seu
918 3742 1186 3829 independentiam
1210 3743 1392 3809 absolutam.

289 3853 373 3919 Hinc
394 3875 519 3918 necesse
539 3861 585 3917 est
600 3853 762 3918 admittere
781 3853 955 3917 libertatem
973 3853 1006 3917 in
1022 3853 1090 3916 Deo
1105 3852 1145 3916 ad
1167 3861 1260 3932 extra,
1276 3876 1316 3917 ne
1331 3855 1392 3938 pri·

286 3974 375 4032 vetur
385 3965 471 4029 Deus
487 3987 542 4029 sua
555 3963 804 4049 independentia.
852 3963 999 4028 Similiter
1008 3964 1095 4029 Deus
1110 3972 1157 4028 est
1172 3964 1392 4044 immutabilis3

286 4100 360 4162 ergo
375 4086 421 4141 est
435 4077 513 4142 liber
528 4076 567 4141 ad
582 4085 685 4155 extra3
710 4098 797 4140 secus
812 4076 973 4160 ponendus
988 4086 1069 4140 esset
1083 4098 1179 4140 nexus
1194 4079 1392 4157 necessarius,

285 4189 414 4273 ideoque
443 4185 652 4266 immutabilis,
678 4186 759 4250 inter
794 4194 963 4250 creaturam
994 4196 1025 4250 et
1054 4185 1178 4250 Deum:
1213 4184 1265 4250 sed
1295 4208 1392 4252 nexus

285 4282 485 4366 immutabilis
499 4298 647 4363 eiusmodi
669 4298 848 4382 importaret
870 4297 1148 4362 immutabilitatem
1173 4305 1328 4376 creaturae,
1344 4297 1391 4362 vel
