3186 4982
291 369 358 432 310
663 387 1024 434 1uunxosrosoorcus.
1236 369 1323 454 [cnr.
1341 358 1408 434 ιιι.’

289 550 325 606 si
345 567 427 624 quem
446 549 570 624 pertinet,
587 554 629 606 est
648 552 805 623 composita,
822 556 851 607 et
869 553 1091 625 quotiescumque
1111 551 1225 608 resultet
1245 567 1280 606 ex
1300 552 1399 607 multis

288 637 459 712 passionibus
469 637 683 710 conspirantibus
695 639 730 693 ad
741 639 961 694 constituendum
971 638 1097 694 habitum
1109 639 1171 712 (VI.
1184 656 1211 692 n.
1224 637 1281 709 64).

324 723 446 778 Tandem
461 724 532 792 sse,
545 723 616 780 siout
633 725 716 780 etiam
731 725 840 794 habito,
855 725 979 782 consistit
996 724 1026 780 in
1042 724 1174 780 relatione
1190 725 1316 798 quadam,
1333 741 1397 796 qua

289 810 477 866 individnatrr
489 809 584 884 seipse,
596 815 629 866 ut
641 811 746 867 dictum
757 817 806 867 est

324 896 367 951 91.
386 896 531 969 Proprium
542 901 584 952 est
592 897 750 956 substantioe
760 897 907 972 spiritualis
916 881 952 954 ex¹
960 904 1035 972 purte
1044 897 1088 953 sui
1099 898 1291 970 complementi
1298 897 1398 954 hebere

290 982 492 1055 msectimtcdem.
525 982 621 1049 Quum
632 983 705 1038 eninr
717 983 808 1039 unitos
819 985 952 1040 resultans
967 1003 1002 1039 ex
1014 983 1212 1057 conspiratione
1223 989 1300 1038 actus
1312 984 1397 1039 intel·

289 1071 384 1128 lectivi
402 1091 465 1129 cnm
482 1090 530 1129 suo
542 1073 659 1129 termino
676 1073 714 1129 sit
731 1073 823 1130 unitos
835 1074 942 1144 ommis,
954 1074 1012 1129 sive
1030 1074 1144 1146 affectae,
1156 1077 1185 1127 ot
1201 1090 1277 1127 emor
1293 1072 1341 1130 hic
1358 1071 1398 1126 sit

289 1159 506 1232 proportionatae
522 1160 670 1233 cognitioni
683 1176 784 1233 exque
800 1159 919 1230 resultat,
933 1178 1040 1216 necesse
1055 1167 1104 1230 est,
1117 1164 1149 1214 ut
1160 1159 1321 1230 substantia,
1334 1177 1397 1232 quae

290 1251 331 1301 cst
343 1245 372 1300 in
382 1246 505 1319 potentis
520 1247 555 1302 ad
565 1263 649 1302 novos
662 1251 690 1302 et
707 1263 792 1302 novas
804 1247 979 1318 cognitiones,
993 1247 1070 1302 sitin
1087 1247 1256 1319 potentiosi
1271 1265 1356 1303 novus
1369 1251 1399 1301 et

289 1348 374 1388 novos
385 1332 574 1387 resultationes
588 1331 740 1388 effectivas:
759 1338 788 1387 ot
797 1333 850 1388 hoc
862 1333 1011 1388 esthabere
1024 1334 1221 1405 affects'os‘tctcsm
1251 1332 1398 1398 Quomodo

289 1419 350 1474 hac
366 1418 525 1476 effectivitcs
541 1418 648 1476 differat
664 1419 815 1492 apotentis
833 1421 942 1494 passiva
958 1421 1063 1494 proprie
1081 1420 1157 1476 dicta
1171 1419 1337 1494 explicatum
1354 1425 1400 1475 est

288 1521 377 1578 supra

325 1592 359 1645 In
379 1590 490 1645 homine
511 1589 673 1646 effectivitas
693 1591 807 1647 resultat
827 1609 862 1648 cx
881 1591 1035 1666 cognitione
1056 1595 1117 1646 turn
1137 1590 1312 1659 intellectiva,
1334 1595 1397 1646 turn

290 1676 427 1747 sensitiva,
439 1676 504 1748 quia
519 1676 603 1731 homo
620 1676 751 1749 inteiligit
768 1695 831 1733 cum
846 1678 1051 1751 phantasmate:
1070 1683 1099 1733 et
1108 1678 1172 1733 ideo
1187 1677 1348 1732 effectivitas
1365 1678 1398 1732 in

289 1763 401 1818 homine
410 1763 454 1819 'est
465 1763 547 1818 simul
558 1763 697 1819 rationalis
709 1769 738 1820 ct
749 1764 882 1836 animalis,
894 1783 942 1820 seu
957 1765 1077 1839 superior
1088 1771 1117 1820 et
1127 1765 1237 1821 inferior
1250 1765 1298 1837 (V.
1310 1783 1338 1821 n.
1350 1765 1397 1834 24,

324 1938 358 1992 In
370 1936 465 2007 brutis,
474 1937 504 1992 in
515 1937 613 2010 quibus
621 1938 785 2012 principium
792 1939 876 1995 vitulo
885 1957 940 1994 non
952 1944 994 1995 est
1002 1939 1208 2008 intellectivum,
1216 1957 1272 1993 non
1280 1939 1399 1996 habetur

290 2026 343 2081 nisi
361 2025 522 2081 effectivitas
538 2025 681 2096 sensibilis,
694 2044 743 2082 seu
760 2026 893 2098 animulis,
906 2044 967 2100 quse
981 2027 1095 2082 resultat
1111 2045 1146 2082 ex
1162 2026 1284 2082 sensibili
1300 2027 1396 2100 cogni-

290 2115 365 2170 tione
378 2115 426 2187 (V.
439 2132 465 2168 m
479 2115 515 2168 66
525 2113 655 2186 innota).

324 2199 446 2256 Tandem
465 2199 496 2255 in
517 2199 668 2254 substantie
685 2217 752 2272 puro
771 2199 913 2271 materiali,
926 2199 956 2254 in
975 2217 1028 2272 qua
1045 2199 1153 2254 nullum
1174 2203 1216 2254 est
1232 2199 1397 2272 principium

289 2287 460 2360 cognitionis,
472 2286 549 2341 nulla
562 2303 619 2341 esse
631 2291 722 2359 potest
739 2285 898 2353 effectivitas
910 2287 1030 2359 proprie:
1049 2287 1097 2342 sed
1109 2288 1198 2342 adhuc
1215 2287 1314 2344 dicitur
1325 2289 1400 2360 affici

289 2374 479 2447 metaphorice,
491 2373 521 2426 in
532 2378 666 2445 quantum
677 2391 711 2427 ox
729 2373 860 2445 passione,
873 2374 918 2429 cui
930 2373 1072 2429 subiicitur
1083 2375 1233 2430 secundum
1243 2375 1395 2444 materiam,

288 2462 402 2517 resultet
413 2461 442 2515 in
454 2460 606 2515 substantia
617 2460 752 2516 materiali
763 2465 853 2515 motus
864 2461 965 2531 loculis,
978 2461 1026 2533 qui
1038 2467 1079 2516 est
1092 2462 1150 2518 eius
1162 2461 1275 2517 effectio.
1303 2461 1396 2527 Quare

289 2547 450 2604 effectivitss
458 2546 579 2602 materia
589 2552 630 2601 est
639 2547 698 2602 eius
706 2548 841 2603 moazim.
863 2547 1011 2619 Mobilitas,
1019 2555 1051 2603 ut
1058 2549 1146 2622 magis
1154 2549 1396 2604 indeterminatum

289 2651 372 2707 quem
383 2633 551 2703 effectivitas,
564 2633 619 2688 dici
630 2638 720 2706 potest
731 2635 764 2688 dc
777 2635 851 2690 omni
863 2641 933 2704 ente,
946 2642 1059 2709 excepto
1071 2637 1137 2692 Deo.
1173 2636 1247 2690 Nem
1257 2635 1306 2690 ubi
1316 2637 1397 2692 nulia

288 2726 330 2776 ost
341 2718 525 2792 potentialitas
537 2720 681 2793 receptiva,
693 2719 733 2774 ibi
743 2720 820 2775 nulla
831 2727 874 2776 est
884 2721 1029 2777 mobilitas.

323 2807 417 2862 Etiam
432 2807 582 2864 occidentia
593 2807 651 2880 poti
668 2801 797 2863 dicuntur
807 2808 912 2880 aliquas
928 2807 1084 2864 affectiones
1101 2807 1250 2862 secundum
1265 2807 1338 2880 quod
1348 2807 1394 2861 in·

288 2895 439 2950 tenduntur
456 2899 504 2949 eut
524 2891 715 2950 remittrmtur:
739 2895 828 2968 magis
847 2895 953 2969 proprio
977 2901 1069 2950 cutem
1089 2894 1235 2950 dicendum
1257 2895 1394 2966 estquod

288 2980 440 3036 substantia
457 2981 547 3054 quood
566 2976 671 3054 aliquid
692 2981 856 3038 accidentale
875 2983 979 3055 potitur
999 2981 1177 3038 affectionem.
1214 2981 1286 3036 Item
1302 2988 1395 3036 motus

288 3067 388 3124 dicitur
404 3069 524 3140 proprias
541 3067 695 3124 affectiones
711 3068 818 3137 hebere,
832 3069 862 3123 in
878 3073 1012 3141 quantum
1028 3086 1063 3124 cx
1080 3073 1154 3124 recto
1175 3068 1208 3122 fit
1225 3085 1331 3138 clusus,
1347 3068 1393 3123 vei

287 3159 399 3210 contra:
417 3155 465 3209 sed
485 3170 570 3226 quum
589 3154 700 3210 directio
719 3154 756 3208 sit
779 3155 956 3211 constitutiva
978 3159 1078 3226 motus,
1097 3154 1214 3210 mutatio
1237 3154 1395 3210 directionis

287 3240 394 3314 proprie
411 3257 514 3296 novum
528 3236 635 3296 motum¹
647 3241 798 3310 constituit,
810 3233 865 3297 non
881 3242 1111 3297 modificationem
1127 3247 1218 3296 motus
1236 3242 1393 3313 existentis3

288 3327 438 3402 praesertim
459 3344 543 3399 quum
566 3331 658 3382 motus
680 3345 786 3400 semper
806 3328 843 3383 sit
862 3328 892 3382 in
912 3329 980 3399 fieri,
1001 3329 1116 3402 ideoque
1138 3333 1263 3401 nequest,
1286 3329 1393 3406 proprie

287 3414 432 3486 loquendo,
444 3411 531 3487 accipi
546 3418 579 3469 ut
595 3415 664 3469 scale
681 3414 820 3470 subiectum
836 3414 1045 3472 modificationis
1060 3414 1205 3472 cuiuslibet
1221 3414 1287 3488 (111.
1299 3433 1326 3471 n
1339 3416 1394 3472 75-
