3222 4984
274 329 338 393 186
586 331 628 392 ur
643 349 787 394 acriora
804 349 862 394 aar
879 350 916 393 ru
934 351 1064 394 nunno.
1215 331 1300 415 [car.
1317 351 1372 394 111.

271 513 403 600 propria,
427 521 457 580 et
479 513 599 580 divina:
633 515 756 600 propria
777 516 816 580 ad
838 515 1015 581 felicitatem
1037 525 1182 582 creaturae
1197 516 1297 580 tendit
1318 538 1373 600 per

270 633 388 691 rectum
403 647 495 690 usum
510 624 668 705 libertatis,
683 624 737 690 sed
758 633 806 689 est
829 625 1029 692 defectibilis:
1062 626 1165 692 divina
1186 626 1225 691 ad
1240 626 1368 711 gloriam

271 736 331 802 Dei
345 737 455 817 tandit,
472 760 565 824 quam
580 736 698 802 obtinet
714 737 776 802 sive
791 760 846 822 pcr
866 737 1043 804 felicitatem
1065 747 1212 804 creaturae
1227 740 1289 802 siva
1304 738 1371 802 sine

270 847 331 930 illa,
347 858 379 913 ct
393 855 440 914 cst
455 849 680 914 indefectibilis.
726 849 810 914 Hinc
825 851 851 914 si
865 850 1054 934 providentia
1068 859 1215 916 creaturae
1238 850 1368 930 deficiat,

270 960 421 1026 aberrabit
436 971 574 1028 creatura
588 985 605 1026 a
620 962 681 1026 fine
696 983 762 1041 suo,
777 962 830 1046 qui
845 971 892 1026 est
906 961 1081 1029 beatitudo:
1105 962 1158 1026 sed
1173 962 1245 1048 quia
1262 963 1369 1047 nequit

269 1073 408 1140 frustrari
423 1074 525 1140 divina
539 1073 729 1160 providentia
744 1095 799 1138 suo
813 1074 884 1154 fine,
900 1073 953 1159 qui
968 1082 1015 1138 est
1029 1073 1126 1158 gloria
1136 1073 1206 1152 Dei,
1219 1072 1367 1138 aberratio

269 1194 415 1252 creaturae
443 1189 490 1252 uti
522 1188 650 1252 adiecto
682 1186 786 1250 divim
809 1187 1003 1270 providentia
1025 1185 1125 1250 adhuc
1147 1185 1296 1270 dirigetur
1329 1184 1368 1249 ad

268 1302 544 1368 manifestationem
577 1301 689 1367 divinae
721 1301 891 1387 gloriaest
921 1301 1065 1385 perfectio
1096 1301 1206 1380 divina,
1229 1308 1368 1385 quaeest

268 1413 398 1496 bonitas,
414 1437 450 1480 cx
465 1415 556 1480 modo
583 1436 648 1480 suaa
670 1413 924 1480 manifestationis
946 1421 1165 1499 consequenter
1182 1412 1221 1477 ad
1235 1412 1366 1498 culpam,

268 1525 425 1592 vocabitur
439 1526 557 1590 iustitia
571 1525 618 1591 val
632 1523 847 1590 misericordia.

312 1637 395 1702 Hinc
409 1636 496 1702 facila
510 1635 654 1717 cernitur,
670 1658 764 1722 quam
778 1635 889 1700 falsum
905 1636 955 1715 sit,
970 1635 1080 1718 Deum¹
1093 1657 1156 1699 non
1173 1633 1366 1719 impediendo

267 1747 388 1832 culpam
410 1747 568 1834 providere
591 1746 660 1827 sibi,
678 1767 741 1810 non
763 1754 916 1810 creaturae.
961 1745 1002 1809 Et
1023 1745 1123 1830 primo
1144 1767 1207 1808 non
1228 1745 1368 1829 providet

266 1857 335 1939 sibi,
347 1857 380 1924 id
394 1866 441 1924 est
456 1881 518 1924 suae
533 1858 656 1944 gloriaa3
680 1881 752 1922 nam
767 1881 830 1922 non
845 1858 963 1942 indiget
978 1858 1068 1943 culpa
1079 1858 1118 1923 ad
1129 1881 1215 1922 suam
1226 1859 1364 1944 gloriam,

265 1991 362 2056 quum
383 1969 472 2055 culpa
491 1969 610 2034 nullam
632 1969 684 2034 det
702 1968 831 2053 gloriam
846 1969 932 2047 Deo;
955 1968 1008 2034 sed
1027 1968 1157 2053 gloriam
1171 1973 1368 2055 consequitur

265 2102 329 2146 non
349 2079 491 2146 obstante
512 2079 610 2166 culpa.
655 2079 697 2144 Et
711 2079 779 2145 idco
794 2088 952 2164 peccatum
967 2089 1112 2145 creaturae
1126 2104 1188 2145 non
1203 2090 1250 2146 est
1265 2105 1367 2148 ncces-

265 2191 380 2260 sarium
398 2193 455 2258 sub
470 2192 530 2259 Dei
550 2191 780 2279 gubernatione.
827 2191 968 2257 Secundo
987 2193 1177 2277 providentia
1195 2215 1268 2278 erga
1285 2217 1366 2259 crea·

265 2313 366 2370 turam
386 2304 513 2370 liberam
534 2327 598 2370 non
620 2303 760 2369 consistit
780 2303 813 2367 in
833 2303 1026 2389 impediendo
1046 2305 1131 2369 omni
1150 2305 1215 2369 eius
1236 2305 1367 2386 defectu,

265 2416 319 2482 scd
334 2416 367 2482 in
382 2416 593 2482 ministrandis
608 2415 750 2481 omnibus
765 2414 883 2495 mediis,
897 2415 1008 2501 quibus
1020 2426 1154 2482 creatura
1165 2417 1259 2482 libera
1270 2419 1366 2503 possit

265 2527 352 2592 facile
371 2528 464 2592 finem
485 2550 576 2593 suum
602 2526 758 2612 consequi,
780 2527 806 2590 si
823 2527 913 2592 velit:
937 2527 1015 2592 sicut
1038 2530 1195 2613 providere
1220 2530 1367 2595 esurienti

265 2660 328 2702 non
356 2638 496 2703 consistit
526 2638 559 2702 in
588 2637 744 2722 implendo
773 2638 932 2702 efficaciter
960 2639 1025 2703 eius
1053 2642 1219 2720 stomacho,
1249 2642 1303 2706 sed
1332 2643 1365 2706 in

265 2749 476 2814 ministrandis
495 2749 571 2815 cibis
588 2748 849 2827 convenientibus,
865 2750 976 2834 quibus
995 2750 1034 2814 ad
1054 2751 1231 2835 placandam
1253 2754 1365 2818 famem

265 2868 380 2940 utatur,
396 2860 422 2924 si
437 2861 520 2926 velit.
566 2861 634 2926 Hoc
651 2869 754 2925 autem
769 2861 857 2925 Deus
879 2869 1002 2946 praestat
1021 2862 1282 2929 abundantissime
1303 2865 1366 2930 suis

265 2971 428 3037 creaturis:
451 2980 482 3036 et
508 2971 576 3036 ideo
599 2981 758 3057 peccatum
784 2981 928 3038 creaturae
954 2996 1017 3037 non
1037 2997 1073 3037 ex
1087 2974 1147 3038 Dei
1168 2976 1365 3059 providentiae

265 3080 395 3160 defectu,
412 3081 464 3145 sed
486 3103 522 3146 ex
539 3081 637 3172 ipsius
653 3090 797 3146 creaturae
812 3082 935 3168 propria
949 3083 1137 3168 providentia
1153 3087 1364 3169 proficiscitur,

264 3214 332 3276 quaa
355 3191 427 3272 sola,
447 3200 481 3256 ut
504 3191 694 3274 defectibilis,
715 3202 816 3278 potest
839 3195 911 3258 mali
933 3217 1022 3260 causa
1043 3217 1118 3260 esse.
1164 3198 1275 3263 Recole
1297 3223 1365 3285 quae

263 3325 355 3388 supra
377 3302 509 3367 diximus
531 3305 574 3388 (n.
596 3305 650 3388 35)
676 3305 713 3369 de
736 3305 853 3370 diversa
870 3307 1090 3392 gubernatione
1106 3331 1203 3374 causae
1217 3310 1320 3376 liberae
1334 3321 1365 3377 et

263 3435 361 3478 causae
375 3415 559 3480 necessariae.

306 3528 360 3589 43.
386 3526 513 3591 Obiicics
527 3529 572 3591 3⁰.
597 3527 670 3590 Non
690 3527 839 3612 impedire
859 3529 990 3614 culpam,
1006 3554 1074 3615 quae
1093 3541 1194 3617 potest
1213 3534 1364 3618 impediri,

262 3636 315 3700 sed
341 3637 388 3701 uti
411 3638 501 3722 culpa
525 3639 565 3703 ad
589 3639 715 3718 bonum,
741 3648 787 3704 cst
812 3662 912 3705 amare
937 3641 1035 3727 ipsam
1061 3645 1278 3730 potiusquam
1300 3668 1363 3710 non

261 3749 368 3831 ipsam.
415 3749 476 3813 Sed
498 3749 556 3813 hoc
579 3750 689 3814 divinae
709 3750 906 3834 providentia
924 3763 1086 3838 repugnat.
1131 3755 1223 3840 Ergo.
1270 3758 1362 3823 Proh.

261 3859 331 3924 mai.
378 3860 449 3924 Non
465 3863 567 3944 potuit
578 3862 663 3926 Deus
678 3886 706 3927 v.
720 3885 766 3947 gr.
783 3885 847 3926 non
862 3887 962 3928 amare
978 3867 1105 3949 positive
1120 3889 1224 3932 necem
1237 3868 1363 3948 Christi,

261 3971 287 4033 si
302 3970 358 4036 hoc
370 3980 528 4056 peccatum
540 3972 599 4036 fuit
612 3973 746 4038 medium
758 3973 797 4038 ad
810 3996 894 4039 suam
909 3975 1037 4060 gloriam
1049 3989 1079 4042 et
1092 3978 1220 4044 salutem
1234 3980 1361 4061 mundi,

260 4080 369 4145 habuit
382 4083 465 4146 enim
480 4103 535 4166 pro
549 4082 618 4146 Deo
632 4083 780 4147 rationem
796 4083 879 4149 boni.

304 4190 485 4275 Respondeo
507 4215 538 4256 a.
553 4193 615 4271 M,
632 4192 671 4256 ad
693 4194 903 4277 probationem
926 4199 995 4264 dist.
1012 4210 1073 4266 ant.
1089 4224 1152 4266 non
1174 4205 1276 4287 potuit
1299 4228 1362 4270 non

259 4321 358 4364 amare
377 4301 505 4384 positive
525 4302 706 4368 occisionem
722 4304 837 4371 Christi
853 4309 1048 4376 materialiter
1063 4322 1228 4398 spectatam
1244 4337 1270 4381 c.
1286 4326 1360 4398 ont,
