3212 4986
205 419 273 462 cae.
291 399 331 482 r.]
691 419 733 462 nra
750 419 825 463 nro.
1265 401 1307 466 35

207 581 339 667 Spiratio
354 583 482 668 passiva,
498 592 613 669 quanta
626 591 673 647 est
688 581 793 664 activa,
804 583 876 668 quia
890 604 975 647 amor
988 582 1154 668 procedens
1168 582 1308 670 adaequat

205 693 359 758 infinitam
388 693 606 758 amabilitatem
627 693 792 778 cognitam.
838 692 979 758 Habetur
1001 701 1104 758 tamen
1134 694 1215 759 inter
1237 718 1306 780 per-

205 805 351 870 fectiones
362 806 502 870 relativas
517 806 591 871 ordo
605 805 742 890 originis,
755 805 923 870 secundum
938 827 1029 890 quem
1040 804 1126 889 prius
1137 806 1308 890 coneipitur

206 918 386 996 Paternitas,
399 917 470 981 dein
486 917 751 997 vilissimarum
768 917 899 1003 Spiratio
913 917 1041 1001 passiva.
1079 916 1165 982 Ordo
1179 918 1307 1003 originis

205 1037 252 1093 est
266 1029 341 1094 ordo
356 1029 482 1093 rationis
497 1038 630 1093 tantum.

248 1143 302 1204 42.
325 1141 411 1205 Deus
434 1149 481 1206 est
503 1141 617 1205 vivens.
661 1141 752 1205 Peter
772 1148 818 1204 est
837 1143 935 1204 vivae
957 1139 1053 1205 active
1074 1139 1231 1226 adaequate
1252 1164 1306 1227 per

206 1259 308 1316 actum
331 1252 535 1336 cognoscendi
556 1261 588 1317 et
605 1252 748 1317 amandi:
770 1251 867 1317 Filius
889 1261 936 1318 est
956 1254 1019 1317 cita
1037 1261 1106 1316 tum
1128 1253 1255 1338 passive,
1272 1255 1305 1318 in

206 1372 356 1448 quantum
371 1372 417 1428 est
432 1365 582 1429 terminus
597 1388 615 1429 a
629 1365 720 1429 Patre
737 1373 887 1444 actuatus,
903 1372 971 1429 tam
986 1365 1092 1445 active,
1107 1365 1140 1430 in
1155 1375 1306 1451 quantum

205 1496 277 1538 cum
292 1474 383 1538 Patre
405 1475 558 1559 conspirat
572 1475 604 1537 in
619 1475 771 1539 unitatem
792 1475 914 1542 amoris.
960 1474 1093 1560 Spiritus
1109 1475 1240 1540 Sanctus
1259 1484 1306 1540 eat

204 1589 287 1650 moria
311 1587 429 1671 passive
451 1587 608 1672 adaquata
629 1587 662 1650 in
685 1595 835 1672 quantum
857 1610 875 1651 a
897 1587 987 1651 Patra
1009 1595 1040 1651 et
1062 1587 1140 1651 Filio
1162 1588 1306 1672 spiratur.

206 1698 272 1762 Nec
287 1698 383 1762 maior
397 1707 444 1762 eat
458 1699 602 1784 perfectio
616 1721 682 1764 esse
696 1700 856 1779 viventem,
873 1721 965 1784 quam
979 1695 1045 1764 e'sse
1059 1701 1152 1764 vitam
1167 1709 1221 1763 aut
1241 1722 1307 1765 esse

205 1810 317 1889 vivum,
327 1832 513 1895 quamquam
525 1811 605 1875 inter
614 1810 688 1890 haec,
699 1833 767 1896 quae
777 1811 926 1875 rationem
937 1810 1091 1877 relativam
1105 1811 1307 1876 Personarum

207 1930 387 2006 sequuntur,
398 1922 488 1986 detur
499 1921 623 2007 quidam
634 1922 716 2002 ordo,
727 1923 806 1987 sicut
817 1923 849 1986 in
858 1923 933 2008 ipsis
942 1923 1093 1987 Personis.
1116 1922 1189 1987 Vita
1203 1931 1307 1988 eutem

206 2032 267 2097 Dei
281 2041 328 2098 est
342 2042 407 2097 tota
421 2042 492 2098 actu
506 2034 636 2114 infinita,
652 2056 749 2119 quum
764 2042 851 2098 actus
866 2033 1069 2118 cognoscendi
1084 2041 1114 2098 et
1129 2033 1251 2099 amandi
1266 2035 1308 2104 ait

205 2144 354 2224 infinitus,
369 2153 405 2208 ut
420 2152 513 2229 patet.

249 2260 303 2322 43.
326 2257 376 2321 De
395 2255 462 2320 aliis
484 2255 622 2340 pluribus
642 2278 710 2342 quae
727 2256 766 2320 ad
782 2257 838 2320 SS.
853 2255 1034 2320 Trinitatem
1056 2256 1220 2340 pertinent,
1235 2278 1308 2321 con·

207 2369 274 2434 sule
290 2368 458 2454 theologos,
474 2369 640 2454 praesertim
657 2369 690 2432 S.
705 2368 865 2447 'rhomam
875 2391 907 2452 p.
919 2370 948 2431 l.
965 2389 995 2452 q.
1005 2368 1049 2432 29
1063 2375 1094 2430 et
1109 2389 1193 2452 seqq.
1225 2366 1307 2431 Con-

208 2480 366 2545 cludemus
395 2478 740 2558 hicnotando,cor1tra
768 2478 967 2563 pantheistas,
987 2477 1149 2542 essentiam
1174 2477 1308 2542 divinam

208 2614 271 2657 non
290 2613 379 2678 posse
402 2592 529 2656 existere
549 2589 809 2675 impersonaliter:
839 2596 871 2654 et
897 2588 940 2657 aio
962 2590 1059 2658 Deam
1080 2589 1309 2672 impersonalem,

207 2727 299 2790 quem
321 2704 382 2790 ipsi
406 2705 541 2788 fingunt,
567 2725 633 2769 esse
657 2724 767 2787 puram
796 2699 1076 2773 contradictionem.
1131 2699 1310 2768 Substantia

207 2815 320 2894 vivens,
344 2814 530 2898 intelligens,
550 2836 666 2892 emaus,
685 2812 857 2890 terminata,
880 2833 935 2878 seu
957 2811 1067 2876 ultinm
1091 2810 1242 2896 completa
1262 2821 1310 2878 est

207 2936 287 2994 certe
309 2926 496 3012 personalis:
519 2947 575 2992 uec
596 2924 778 3010 pantheistae
799 2932 929 3009 possunt
951 2923 1068 3009 aliquid
1087 2923 1172 2990 aliud
1191 2925 1310 3009 exigere

207 3039 405 3125 praeterhac.
449 3037 547 3123 Atqui
561 3037 647 3103 Deus
661 3045 708 3102 est
725 3035 795 3100 talis
810 3035 991 3100 substantia.
1035 3035 1093 3102 ua
1107 3057 1180 3120 crgo
1194 3035 1228 3099 in
1241 3035 1310 3102 Deo

207 3150 407 3235 personalitas
428 3150 539 3236 aliqua.
584 3149 666 3214 Item
681 3171 820 3234 peremta,
840 3155 877 3214 ut
894 3147 997 3232 inquit
1020 3146 1053 3214 S.
1067 3147 1201 3215 Thomas
1218 3147 1262 3232 (p.
1279 3149 1310 3213 l.

208 3285 239 3348 q.
254 3265 308 3328 29.
324 3285 351 3328 a.
367 3263 400 3346 3)
417 3261 564 3347 sipaisicm
582 3261 616 3324 'id
636 3261 714 3344 qaod
731 3269 775 3324 eat
787 3257 1033 3342 perfectissimum
1054 3259 1086 3322 ia
1106 3265 1170 3322 tota
1191 3266 1311 3336 actura,

208 3375 318 3440 scilicet
342 3375 499 3440 umectans
523 3375 555 3436 im
578 3371 719 3436 rationali
741 3377 859 3434 matura.
909 3369 1001 3448 Unde,
1021 3391 1109 3452 qaum
1131 3389 1214 3432 omae
1238 3367 1314 3437 illud

209 3487 289 3570 quod
300 3494 344 3550 eet
356 3484 551 3569 perfectionis
564 3484 630 3547 Dea
651 3484 692 3546 rit
713 3480 938 3559 attribuendum,
953 3501 986 3544 eo
1010 3479 1090 3564 qarod
1106 3481 1168 3544 eiua
1187 3480 1313 3544 cesentio

209 3598 439 3662 continetiam
461 3617 571 3659 omnem
587 3593 808 3678 perfectionem,
824 3593 995 3656 convenicae
1011 3596 1058 3654 'eat
1078 3597 1112 3654 at
1134 3591 1188 3654 liae
1208 3610 1312 3654 momen

211 3710 344 3774 Persona
365 3707 401 3772 de
415 3708 481 3771 Deo
503 3707 638 3772 dicatw
660 3727 719 3770 noa
741 3712 838 3769 tamea
856 3703 953 3768 eodem
969 3702 1052 3768 modo
1073 3725 1130 3786 qao
1152 3701 1260 3766 dicitw
1276 3701 1312 3769 de

210 3821 363 3897 mentoris,
373 3820 426 3886 aad
437 3818 635 3884 eccellemtiori
648 3817 741 3895 modo,
752 3817 829 3884 siaa
843 3823 872 3880 et
883 3815 943 3880 alia
957 3815 1085 3893 nomiae,
1097 3836 1160 3900 que
1170 3813 1313 3880 ereatura

210 3933 326 3998 aeolia
340 3933 486 4016 imposita,
501 3931 567 3995 Deo
583 3931 760 3996 triturantur.
