3240 4986
248 385 317 430 oar.
335 367 374 450 1.]
562 385 604 433 nu
620 387 762 432 ncrroua
779 387 837 430 nur
855 387 892 429 ru
910 387 1040 430 nunno.
1285 365 1346 426 145

134 638 136 644 Ι
246 551 488 637 importantium.
549 551 670 616 Horum
697 552 809 616 similia
834 550 972 636 quaedam
997 550 1090 614 babet
1115 549 1207 614 ctiam
1235 548 1347 614 Suarea

249 663 402 748 (Metapb.
419 663 497 748 disp.
512 663 571 726 xxi.
588 672 661 728 sect.
677 665 722 747 2).

291 781 321 841 5.
350 779 486 841 Obiieies.
511 777 544 841 Si
558 776 744 842 conservatio
764 785 899 862 exparte
914 776 974 841 Dei
989 784 1068 840 esset
1081 775 1201 840 realiter
1216 774 1296 838 idem
1312 794 1347 837 ac

246 889 367 966 creatio,
383 897 485 972 posset
508 888 577 967 dici,
593 888 696 952 Deum
711 910 794 952 nunc
809 910 907 952 creare
930 887 1024 951 solem
1039 899 1070 950 et
1087 887 1203 950 lunam.
1248 885 1346 970 Atqui

243 999 301 1064 hoc
316 1009 466 1085 repugnat
481 999 648 1063 evidentia.
693 1000 786 1083 Ergo.

289 1109 471 1194 Respondeo
486 1111 553 1174 dist.
564 1109 614 1174 M.
627 1109 653 1173 si
667 1109 744 1174 illud
758 1132 835 1173 nanc
850 1119 989 1174 sumatur
1003 1109 1037 1173 in
1051 1108 1219 1174 aeternitate
1235 1108 1345 1187 divina,

244 1229 298 1285 aut
309 1221 458 1285 referatur
468 1220 507 1285 ad
522 1243 582 1284 esce
590 1223 759 1286 adstantia
770 1229 877 1286 creatae
888 1245 913 1288 c.
924 1223 973 1285 M.
975 1271 985 1300 ,
998 1222 1023 1285 si
1034 1220 1112 1286 illud
1118 1245 1195 1286 nnnc
1206 1229 1346 1285 sumatur

244 1330 277 1394 in
293 1330 453 1396 duratione
468 1332 634 1395 successiva
648 1355 678 1395 a.
691 1332 740 1396 M.
750 1342 781 1395 et
792 1332 924 1395 contrad.
936 1333 1007 1395 min.
1016 1355 1045 1393 n.
1058 1354 1135 1396 cous.
1173 1330 1345 1414 Diligenter

244 1442 497 1507 considerandum
517 1452 574 1521 est,
590 1442 681 1528 quod,
698 1442 821 1527 quaudo
843 1443 973 1510 dicimus
992 1442 1251 1507 conservationem
1270 1451 1304 1506 ut
1326 1465 1345 1506 o

244 1555 309 1618 Deo
318 1556 462 1638 procedit,
476 1553 605 1619 dicimus
616 1554 765 1619 actionem
778 1554 928 1618 divinam:
952 1554 1030 1618 actio
1044 1566 1146 1619 autem
1158 1552 1260 1620 divina
1275 1576 1344 1637 pro·

213 1655 217 1662 ¹
244 1664 323 1729 cedit
338 1667 431 1730 aDeo
446 1666 478 1729 iu
493 1689 570 1730 nuuc
584 1666 696 1745 divino,
707 1666 790 1751 quod
805 1675 851 1729 est
866 1666 931 1730 eius
946 1666 1108 1745 aeternitas,
1119 1688 1181 1730 non
1196 1675 1299 1732 autem
1310 1667 1344 1730 in

242 1799 319 1840 nnnc
341 1776 557 1854 successionis,
580 1799 652 1840 nam
676 1776 917 1861 unumquodque
937 1777 1001 1861 agit
1019 1785 1110 1860 prout
1133 1777 1232 1841 estin
1252 1786 1342 1856 actu;

242 1887 328 1952 Deua
351 1896 453 1953 autem
473 1897 520 1952 est
534 1888 567 1952 in
589 1898 660 1953 actu
678 1896 763 1952 totus
784 1889 822 1952 de
844 1889 986 1972 praesenti
1000 1896 1031 1952 et
1054 1887 1119 1953 sine
1135 1889 1322 1953 successione
1333 1915 1343 1969 ς

242 2007 273 2062 ct
296 1998 365 2062 ideo
391 1999 456 2064 eius
479 2022 568 2084 agere
590 2009 646 2079 est,
667 2023 703 2063 ex
725 2009 811 2084 parte
834 2000 940 2085 ipsius,
957 2008 1057 2063 totum
1080 2001 1112 2063 in
1134 2023 1211 2065 nunc
1233 2009 1341 2068 stante.

119 2104 123 2112 ’
241 2109 356 2174 Verum
383 2120 429 2175 est
451 2111 534 2197 quod
557 2121 642 2176 actus
664 2111 724 2175 Dei
748 2111 973 2176 conservativus
995 2111 1179 2177 terminatur
1200 2112 1239 2175 ad
1261 2135 1343 2176 crea·

240 2231 351 2302 turam,
367 2223 399 2286 in
415 2245 476 2308 qua
489 2232 536 2287 est
551 2224 718 2289 successior
741 2223 795 2286 sed
808 2223 874 2288 baec
889 2223 1038 2288 successio
1053 2246 1115 2287 non
1131 2231 1178 2288 est
1193 2225 1343 2289 successio

242 2335 430 2415 substantiae‚
447 2337 500 2401 sed
515 2348 655 2400 motuum
671 2335 912 2414 accidentalium,
928 2334 983 2420 qui
998 2334 1054 2399 soli
1075 2334 1190 2399 babent
1205 2339 1295 2420 prius
1312 2346 1343 2402 et

235 2455 307 2529 post
314 2473 324 2524 3
348 2458 378 2511 et
393 2447 427 2510 hi
442 2455 542 2511 motus
553 2469 617 2511 non
631 2447 796 2512 terminant
809 2457 909 2512 actum
926 2445 1177 2525 conservativum,
1189 2455 1224 2510 ut
1239 2446 1342 2511 statim

241 2557 469 2640 explicabimus.
515 2558 599 2622 Hinc
625 2567 670 2622 est
697 2558 779 2643 quod
805 2557 904 2621 solet
929 2555 1003 2620 luna
1027 2564 1059 2621 et
1084 2555 1143 2621 alia
1164 2557 1341 2635 materialia,

242 2680 393 2753 quatenus
411 2669 543 2735 subsunt
558 2669 778 2734 conservationi
801 2669 919 2748 divinae,
935 2691 998 2732 non
1014 2667 1144 2732 debeant
1159 2668 1342 2734 considerari

240 2780 301 2844 nisi
326 2780 493 2845 secundum
518 2804 595 2844 nunc
618 2781 796 2844 substantiae
821 2778 994 2858 materialis,
1018 2778 1100 2862 quod
1122 2789 1168 2842 est
1191 2801 1290 2842 uuum
1311 2790 1342 2844 et

239 2914 422 2976 permanens
443 2892 675 2956 immutabiliter
691 2893 756 2956 sine
778 2891 968 2956 successione
986 2891 1020 2954 in
1035 2889 1171 2976 quolibet
1191 2890 1341 2955 elemento

240 3003 392 3067 materiae:
414 3011 446 3067 et
460 3012 680 3088 consequenter
701 3012 788 3067 actus
807 3003 928 3066 divinus
949 3024 1006 3067 nec
1024 3013 1058 3066 ut
1074 3001 1210 3086 procedit
1230 3003 1340 3083 aDeo,

240 3137 295 3178 nec
311 3123 346 3178 ut
364 3114 546 3178 terminatur
560 3114 599 3178 ad
617 3124 795 3192 creaturam,
811 3114 973 3178 subiicitur
987 3113 1248 3180 vicissitudinibus
1262 3123 1341 3178 tem-

238 3225 331 3311 poris.
376 3227 424 3290 Ex
438 3248 474 3290 eo
489 3248 558 3291 vero
577 3227 660 3312 quod
678 3235 815 3291 creatura
831 3225 943 3290 babeat
960 3234 1071 3304 motus,
1087 3225 1199 3311 quibus
1220 3225 1340 3291 duratio
1417 3277 1419 3280 .

240 3337 437 3401 successionis
452 3338 634 3416 extenditur,
646 3337 724 3401 uibil
740 3346 877 3402 mutatur
887 3337 966 3402 circa
980 3337 1127 3400 rationem
1143 3346 1229 3402 actus
1245 3337 1340 3402 divini

239 3446 441 3512 substantiam
464 3457 595 3512 creatam
617 3448 842 3513 conservantis:
866 3447 919 3512 sed
936 3455 1058 3512 tantum
1078 3447 1169 3513 datur
1191 3447 1236 3512 illi
1258 3449 1341 3518 actui

238 3580 316 3624 nova
331 3559 498 3624 extrinseca
520 3558 735 3639 denominatio,
751 3568 894 3644 utsupra
915 3557 1098 3643 explicatum
1118 3566 1175 3624 est.
1221 3558 1255 3626 si
1270 3560 1340 3645 quis

238 3693 310 3754 ergo
330 3670 424 3735 dicit:
447 3673 538 3735 Nune
551 3673 635 3736 Deus
649 3680 730 3735 meat
748 3672 845 3750 aokm,
860 3671 1029 3735 intantum
1051 3671 1130 3735 male
1144 3670 1289 3755 loquitur,
1306 3672 1339 3735 in

238 3791 389 3867 quantum
411 3784 520 3869 accipit
542 3783 621 3849 illud
634 3808 711 3849 nanc
730 3785 853 3848 relative
868 3782 907 3847 ad
927 3783 985 3849 alia
1000 3807 1076 3848 aune
1091 3783 1236 3867 temporis
1258 3807 1337 3868 prae-

237 3895 331 3974 teriti,
346 3894 378 3958 id
398 3904 454 3974 est,
470 3895 504 3959 in
530 3906 680 3980 quantum
702 3895 808 3959 tribuit
831 3894 941 3958 actioni
965 3893 1075 3958 diviuae
1100 3916 1177 3958 uuae
1198 3901 1338 3958 motuum

237 4014 418 4069 creatorum.
464 4005 525 4070 Sed
548 4006 573 4070 si
589 4007 657 4092 quis
680 4005 783 4070 dicens
798 4028 874 4070 nunc
894 4003 1046 4088 intelligat
1066 4017 1144 4069 auae
1164 4002 1339 4078 absolutum

237 4116 415 4181 substantiae
431 4116 547 4196 solaris,
563 4117 645 4202 quod
659 4140 722 4181 non
738 4127 784 4180 cst
799 4117 947 4196 accidens,
965 4124 999 4180 ut
1015 4115 1087 4179 alibi
1102 4115 1244 4194 vidimus,
1259 4123 1291 4184 et
1305 4117 1339 4186 in

236 4248 297 4311 quo
324 4250 387 4291 non
413 4236 460 4292 est
486 4229 571 4313 prius
596 4237 627 4292 et
653 4239 732 4312 post,
756 4236 910 4311 agnoscet,
934 4229 1028 4292 solem
1055 4225 1156 4311 quoad
1179 4248 1245 4292 esse
1267 4227 1339 4296 sub-

236 4338 378 4404 stantiale
401 4360 463 4402 non
484 4323 596 4402 babere
609 4339 641 4402 in
664 4339 806 4423 praesenti
829 4338 912 4402 aliud
932 4362 1009 4411 auce
1028 4337 1242 4402 distinctuma
1263 4363 1343 4409 aune,

280 4470 354 4513 von.
373 4470 427 4514 111.
1147 4469 1165 4510 ι
