3222 4984
215 389 289 434 aar.
306 367 362 451 η]
530 385 573 429 nu
588 382 733 428 nemone
750 382 809 425 uni
825 381 863 425 ns
880 380 1013 426 nunno.
1262 357 1325 422 175

217 553 249 617 S.
265 551 399 615 Thomas
415 548 542 615 adhibet
563 549 700 634 primum
721 569 834 612 movere
855 568 912 632 pro
934 547 1004 610 dare
1019 553 1158 610 natarum
1172 545 1215 608 sia
1229 542 1324 606 deter-

215 667 367 742 minatam,
383 671 414 725 et
429 682 542 726 movere
556 663 682 744 sapsam
696 681 751 744 pro
766 660 957 723 determinare
971 660 1095 742 capream
1107 684 1117 720 :
1141 655 1223 741 quod
1243 661 1323 718 esset

218 782 417 868 impossihile,
441 781 467 845 si
492 779 814 865 praedeterminaretur
838 779 964 865 physice
993 800 1012 842 a
1033 777 1111 842 Deo.
1157 776 1258 840 Immo
1280 774 1324 838 ait

220 902 361 988 explicite
378 901 421 983 (in
437 902 469 965 2.
483 909 562 964 sent.
580 900 649 965 dist.
664 902 717 964 39.
733 921 763 983 q.
781 903 811 962 l.
824 922 851 962 a.
870 899 903 979 l)
919 898 1183 962 actamaolaatatis
1196 917 1325 960 maesse

219 1025 256 1086 ab
271 1023 329 1086 alio
345 1024 489 1085 eateriore
497 1022 646 1104 principio
655 1021 872 1096 determinante,
884 1027 915 1082 et
924 1018 1190 1082 determinationem
1200 1015 1326 1079 alieream

217 1165 279 1207 esse
300 1144 448 1207 inimicam
463 1142 628 1206 libertatis:
651 1163 723 1225 quae
738 1139 829 1203 verba
845 1140 918 1203 satis
933 1139 1101 1203 ostendunt
1118 1139 1150 1203 S.
1173 1138 1321 1202 'lbomam

219 1277 341 1318 omnem
359 1253 708 1339 praedeterminationem
723 1252 881 1338 physicam
897 1251 1035 1316 absolute
1050 1252 1182 1330 reiicere,
1198 1258 1228 1315 et
1243 1272 1323 1336 prae·

221 1370 470 1435 determinatores
493 1371 591 1454 magis
606 1367 824 1447 Bannesiauos,
850 1391 943 1454 quam
968 1369 1152 1448 Themistas,
1173 1367 1324 1433 vocandos

218 1505 294 1546 esse.

264 1596 317 1658 33.
342 1594 446 1678 Atque
467 1593 519 1656 hic
538 1591 694 1656 Goudinio
714 1591 935 1657 valedicemus:
958 1591 1029 1656 licet
1052 1593 1134 1657 enim
1156 1592 1245 1677 plura
1266 1591 1325 1655 alia

221 1713 377 1789 congerat,
393 1704 455 1769 sive
470 1703 510 1768 ad
525 1727 558 1768 se
573 1703 809 1782 defendendum,
826 1703 888 1768 sive
903 1704 942 1768 ad
962 1704 1148 1769 adversarios
1163 1704 1325 1789 praedeter-

223 1817 403 1882 minationis
417 1815 622 1894 insectandos,
637 1824 786 1901 perpetuo
800 1805 903 1880 tamen
913 1815 1019 1879 iisdem
1030 1815 1197 1880 ratiociniis
1205 1814 1326 1892 nititur,

222 1929 335 2014 quibus
350 1951 532 2013 responsum
547 1935 604 1992 est.
650 1926 743 2003 Quod
763 1937 867 1992 autem
882 1928 993 1992 attinet
1009 1927 1048 1992 ad
1061 1929 1196 1993 fautores
1211 1927 1326 2011 praede-

224 2041 459 2120 terminationis,
485 2041 583 2104 multe
608 2048 781 2124 exaggerat,
803 2047 834 2104 et
854 2039 991 2124 quaedam
1017 2040 1093 2105 falsa
1119 2049 1234 2118 narrat,
1258 2062 1326 2124 qaae

224 2153 423 2239 probabiliter
445 2153 522 2237 ipse,
549 2151 628 2215 sicut
654 2160 685 2214 et
709 2151 762 2214 alii
786 2151 901 2236 plures,
928 2153 1055 2216 extraxit
1081 2176 1117 2216 ex
1131 2153 1269 2216 Historia
1296 2152 1330 2214 de

224 2266 346 2330 aneiliis
360 2288 379 2328 a
392 2265 428 2328 P.
442 2264 532 2350 Seny
546 2264 602 2347 (Ire
616 2263 725 2346 Blanc)
738 2262 834 2342 ¹edita,
851 2273 881 2328 et
892 2265 1088 2348 postmodum
1099 2289 1116 2329 a
1129 2265 1161 2328 S.
1172 2264 1327 2349 Congreg.

224 2376 340 2440 Indicis
356 2375 543 2460 proscripta:
561 2397 627 2458 quae
637 2373 778 2438 consulto
787 2373 1015 2460 dereliquimus,
1025 2375 1096 2460 quia
1105 2375 1145 2440 ad
1158 2374 1327 2452 historiam,

225 2511 288 2553 non
304 2487 343 2552 ad
359 2485 584 2572 philosophiam
599 2485 764 2570 pertinent.

271 2597 500 2663 Concludemus
522 2596 619 2680 igitur
644 2618 714 2661 cum
737 2595 867 2676 Melina,
891 2596 1002 2660 Suaren
1024 2605 1055 2660 et
1077 2619 1190 2682 magna
1211 2595 1332 2661 theolo-

223 2733 333 2795 gorum
363 2733 398 2774 ac
427 2709 682 2794 philosophorum
711 2707 924 2788 multitudine,
962 2731 1145 2774 concursum
1174 2710 1235 2773 Dei
1264 2732 1332 2773 esse
1426 2691 1429 2698 ’

226 2823 445 2886 simultaueum
468 2820 674 2904 cooperationi
696 2829 852 2886 creaturae.
897 2820 1043 2885 Fatemur
1068 2829 1181 2900 autem,
1206 2819 1330 2905 quando

226 2935 330 3019 agitur
346 2935 384 2998 de
398 2934 544 2998 creaturis
565 2933 789 3018 cognoscitivis,
805 2956 873 3018 quae
887 2933 1003 2998 habent
1017 2942 1103 2998 actus
1117 2919 1330 3012 immanentes,

226 3053 337 3130 praeter
362 3044 447 3108 hunc
471 3044 593 3128 proprie
620 3044 736 3108 dictum
761 3065 942 3108 concursum
965 3044 1078 3128 requiri
1102 3045 1269 3109 motionem
1292 3043 1331 3107 ab

227 3157 345 3221 obiecto
367 3157 564 3241 imprimente
586 3156 738 3240 speciemr
760 3179 828 3240 quae
850 3156 946 3220 motio
960 3157 996 3220 fit
1010 3155 1135 3241 quidem
1155 3156 1193 3221 ab
1213 3156 1332 3221 obiecto

228 3245 302 3332 cum¹
322 3289 472 3333 concursu
495 3267 678 3331 simultaneo
700 3266 770 3347 Dei,
795 3266 850 3330 sed
868 3275 914 3332 est
938 3269 1015 3331 actio
1042 3269 1155 3346 abacti,
1181 3290 1240 3330 aaa
1264 3268 1332 3330 nab-

228 3383 298 3445 ieeti
311 3381 489 3463 recipientis.
534 3379 637 3443 nesio
659 3379 812 3464 perhanc
834 3379 1002 3443 motionem
1025 3401 1088 3443 non
1111 3379 1223 3444 dicitur
1244 3379 1332 3442 Deus

228 3513 406 3557 concurrere
428 3490 634 3555 adactionem
649 3498 793 3554 ereatura
808 3490 1030 3574 cognoscitivae,
1045 3491 1106 3555 nisi
1125 3498 1161 3555 ut
1176 3491 1230 3576 qui
1244 3490 1332 3575 ponit

229 3603 437 3668 conditionem
448 3603 700 3688 praerequisitam,
709 3602 743 3667 id
757 3610 804 3666 est
818 3603 986 3667 terminum
1001 3602 1237 3687 cognoscibilem
1252 3601 1334 3665 intra

229 3715 379 3800 sphaeram
392 3715 556 3779 activitatis
567 3714 789 3798 cognoscitivae.
821 3712 927 3789 Quum
939 3722 1052 3793 autem,
1064 3714 1213 3798 impressa
1224 3711 1333 3797 specie,

228 3828 326 3892 virtus
351 3827 495 3891 intuitiva
519 3826 695 3890 intellectus
723 3827 907 3890 terminatur
933 3825 973 3890 ad
997 3825 1150 3890 obiectum
1174 3825 1207 3889 in
1234 3824 1334 3909 specie

228 3945 489 4023 repraesentatum,
504 3938 540 4000 fit
560 3935 689 4000 actualis
711 3936 914 4021 apprehensio
933 3935 1044 4000 obiecti
1067 3938 1147 4021 (quae
1169 3943 1217 4000 est
1236 3945 1333 4014 actus,

229 4070 292 4113 uon
315 4049 412 4127 actio;
436 4047 588 4132 siquidem
608 4047 686 4111 nihil
707 4047 861 4132 producit)
884 4069 955 4111 cum
976 4047 1158 4111 simultaneo
1178 4047 1238 4110 Dei
1262 4067 1333 4111 con·

229 4183 332 4239 cursu,
349 4160 422 4245 quia
435 4160 521 4224 Deus
537 4167 690 4223 sustentat
707 4167 810 4224 actum
831 4159 1010 4225 intuitivum
1024 4159 1058 4222 in
1072 4181 1108 4223 eo
1123 4159 1190 4243 ipso
1205 4159 1335 4222 instanti

232 4271 265 4334 in
281 4293 342 4356 quo
358 4270 542 4336 terminatur
557 4269 597 4334 ad
610 4270 774 4336 obiectum.
821 4270 964 4355 Cognitis
979 4272 1022 4335 aic
1036 4271 1136 4356 primo
1151 4271 1336 4358 quibusdam

234 4383 403 4448 rationibus
426 4380 694 4467 cognoscibilibus,
717 4382 902 4460 intellectus,
925 4392 961 4447 ut
984 4378 1100 4447 actious
1117 4394 1174 4464 est,
1194 4394 1337 4470 operatur
