3240 4986
251 403 320 448 car.
337 386 377 468 1.]
705 403 748 452 aa
764 405 896 454 nunno.
1309 375 1353 453 83

252 590 314 655 quo
325 569 462 634 subiecto
477 577 513 636 ut
529 571 660 656 passivo,
675 568 738 638 sive
759 573 800 637 sit
820 573 980 659 passivitas
1001 574 1125 660 propria
1145 575 1274 660 agentia
1290 575 1353 642 sire

251 679 377 745 alterius
393 682 536 748 cuiusvis.
582 682 688 760 Quum
711 693 815 750 autem
836 686 995 771 passivitas
1016 687 1056 751 sit
1078 687 1267 772 imperfectio
1288 709 1352 753 non

251 792 363 866 cadens
391 793 425 858 iu
447 795 561 876 Deum,
584 797 754 862 necessario
781 806 868 862 aetus
891 798 1012 864 divinus
1036 799 1126 865 debet
1148 785 1243 886 recipi
1267 809 1352 867 extra

251 905 373 972 Deum:
396 913 428 971 et
438 914 562 992 propter
570 907 629 973 boc
642 908 729 973 Deus
744 909 855 975 dieitur
869 931 959 996 agere
973 910 1012 976 ad
1025 919 1120 977 extra.

294 1017 346 1082 Ad
371 1011 582 1103 probationem
610 1020 731 1086 maioris
756 1021 933 1107 negandum
958 1023 1110 1109 estquod
1135 1022 1256 1108 proprie
1279 1021 1351 1088 sub-

252 1128 365 1193 stantia
379 1139 535 1196 conservet
549 1153 640 1196 suum
663 1132 819 1212 accidens;
843 1155 938 1218 quum
959 1133 1062 1218 potius
1083 1142 1276 1199 conservetur
1293 1133 1351 1199 sub

251 1239 427 1307 accidente:
459 1251 491 1307 et
512 1243 632 1308 etiamsi
651 1243 775 1310 daretur
788 1244 857 1325 hoe,
872 1253 975 1310 tamen
990 1244 1170 1324 substantia,
1193 1267 1261 1332 quae
1278 1267 1352 1311 con-

252 1360 383 1418 servaret
400 1353 550 1436 accidens,
565 1365 644 1421 esset
663 1377 782 1442 semper
800 1357 854 1421 illa
873 1358 907 1421 ia
926 1379 985 1442 quc
1002 1357 1181 1443 producitur
1203 1357 1351 1437 accidens,

192 1515 195 1522 .
251 1487 315 1528 non
330 1473 433 1530 autem
447 1467 500 1532 illa
514 1490 533 1532 c
548 1490 607 1552 pou
621 1467 810 1553 producitur.
855 1467 895 1533 In
905 1468 975 1533 Deo
989 1475 1102 1549 autem,
1112 1477 1149 1533 ut
1164 1468 1280 1534 dictum
1295 1477 1352 1550 est,

252 1576 331 1642 nihil
344 1578 472 1663 produci
485 1588 597 1664 potest.

297 1692 348 1754 14.
376 1692 503 1756 Obiicies
525 1694 570 1756 5⁰.
596 1692 683 1756 Deus
708 1700 755 1757 est
780 1713 836 1758 ens
860 1691 1163 1758 universalissimum.
1209 1693 1293 1758 Hinc
1320 1696 1354 1757 1ο

251 1793 421 1867 universale
446 1810 494 1868 est
516 1802 681 1868 univocum
705 1802 930 1887 singularibus:
962 1812 993 1868 et
1018 1803 1145 1869 univoca
1168 1805 1353 1891 participant

252 1911 380 1978 eandem
402 1914 552 1979 rationem
573 1914 729 1994 entitatis;
751 1935 824 1998 ergo
846 1936 910 1980 una
932 1923 979 1979 est
1003 1916 1081 1980 ratio
1104 1917 1224 1981 essendi
1238 1916 1298 1982 Dei
1322 1926 1355 1983 et

253 2025 402 2090 omnium.
445 2029 482 2092 2⁰
504 2026 846 2092 Universaleeatunum
861 2034 968 2111 aptum
983 2026 1084 2090 inesse
1097 2026 1237 2112 pluribus
1248 2055 1258 2108 ;
1280 2050 1354 2112 ergo

254 2136 426 2203 substantia
445 2138 549 2203 divina
569 2146 670 2223 potest
686 2138 786 2202 inesse
801 2138 833 2202 in
848 2138 941 2202 rebus
955 2137 1075 2202 mundi.
1119 2140 1155 2203 3⁰
1177 2138 1354 2204 Universale

253 2248 427 2314 continetur
455 2249 576 2314 realiter
603 2249 875 2314 fundamentaliter
902 2248 936 2313 in
965 2247 1191 2332 singularibus3
1224 2269 1298 2334 ergo
1320 2250 1353 2314 in

253 2359 397 2425 omnibus
419 2360 512 2426 rebus
534 2369 581 2426 eat
605 2359 777 2426 substantie
799 2359 911 2425 dimna
955 2362 991 2423 4⁰
1017 2360 1130 2424 Praeter
1153 2382 1208 2426 ena
1233 2361 1353 2426 univer-

254 2471 438 2536 salissimum
460 2472 539 2537 nihil
565 2480 666 2558 potest
689 2493 773 2550 esse3
798 2487 872 2534 nom
897 2469 959 2535 tale
981 2491 1036 2535 ens
1054 2479 1100 2536 est
1120 2472 1221 2538 omnis
1243 2473 1354 2538 entitas

254 2592 335 2665 actu,
350 2593 381 2649 et
395 2593 506 2670 praeter
520 2606 643 2650 omnem
657 2584 818 2650 entitatem
833 2591 904 2648 actu
918 2582 996 2647 nihil
1011 2592 1057 2647 est
1072 2583 1165 2648 aliud.

296 2695 480 2782 Respondoo
494 2698 563 2762 dat.
578 2705 641 2762 ant.
662 2696 751 2760 Deus
773 2703 820 2759 est
841 2717 897 2760 ens
918 2693 1211 2759 universalissimum
1233 2696 1355 2761 univer-

254 2808 373 2874 salitate
386 2809 486 2895 logice
499 2832 530 2875 a.
542 2819 616 2886 unt,
628 2808 855 2874 universalitate
869 2807 996 2872 actualis
1010 2807 1204 2893 perfeetionis
1218 2830 1354 2894 compre·

253 2921 380 2989 bensira
394 2945 419 2988 e.
435 2932 498 2988 aot.
513 2930 545 2986 et
558 2943 639 3007 nego
653 2921 885 3006 consequentias
899 2940 1016 2984 omnes.
1053 2920 1095 2984 Et
1110 2920 1211 3005 quoad
1224 2921 1354 3005 primam

252 3033 420 3099 illationem
442 3035 509 3099 diat.
525 3042 587 3098 oct.
603 3033 629 3098 si
651 3041 760 3118 agatur
782 3032 821 3096 de
843 3031 1005 3096 universali
1023 3031 1123 3116 logico
1138 3054 1163 3096 e.
1179 3041 1252 3112 aar„
1268 3055 1354 3098 secus

252 3167 334 3232 nepo.
379 3145 495 3211 Eadem
509 3145 666 3231 responsio
677 3145 757 3210 valet
771 3166 826 3230 pro
841 3142 975 3208 secunda
988 3143 1124 3226 illatione
1138 3152 1169 3208 et
1183 3164 1239 3228 pro
1254 3145 1354 3210 tertia.

252 3257 303 3323 Ad
322 3266 467 3343 quartum
489 3281 520 3322 o.
543 3267 616 3337 cot,
636 3256 675 3322 ad
694 3256 761 3321 eius
778 3255 990 3340 probationem
1010 3256 1078 3319 dist.
1099 3263 1146 3320 est
1164 3255 1263 3320 omnia
1283 3266 1353 3322 actu

252 3369 364 3434 entitas
383 3370 516 3455 perfecta
531 3391 621 3449 cone,
637 3375 683 3433 est
701 3367 802 3432 omnis
816 3375 888 3432 actu
901 3366 1014 3432 entitas
1028 3366 1215 3452 imperfecta,
1230 3368 1277 3433 vel
1292 3368 1355 3434 ool·

252 3481 342 3546 lectio
356 3482 495 3546 omniurn
509 3482 676 3547 entitatum
691 3480 849 3544 finitarum
863 3501 947 3564 nepo.

296 3592 357 3659 Sed
370 3592 436 3659 haeo
450 3593 601 3659 sufficiant
616 3599 721 3658 contra
735 3589 964 3677 pantheiimum
979 3589 1101 3655 realem.

627 3873 811 3918 surrectus
826 3874 977 3919 raucius.

619 4006 669 4070 De
676 4005 861 4088 pcatbehmo
876 4003 974 4068 ideali.

296 4160 347 4221 lo.
371 4155 417 4220 Ut
431 4177 476 4235 ea,
492 4177 559 4240 quae
573 4153 624 4219 hic
639 4152 767 4218 dicenda
781 4159 865 4231 sunt,
877 4151 1009 4236 intelligi
1024 4150 1155 4236 possint,
1171 4148 1292 4215 neeesse
1307 4159 1354 4215 est

251 4267 400 4352 originem
415 4275 446 4331 ct
459 4286 657 4350 progressum
672 4261 858 4348 pantheismi
873 4261 979 4328 idealis
993 4260 1125 4326 breviter
1139 4283 1298 4346 exponere.

295 4379 462 4465 Postquam
475 4377 560 4444 Kant
570 4377 684 4442 formas
699 4398 769 4440 suas
780 4374 961 4440 subiectivas
971 4373 1151 4454 introduxit,
1161 4382 1192 4437 et
1202 4373 1354 4438 realitates

1125 4506 1145 4548 o
1160 4489 1180 4549 2
