3212 4986
220 379 288 424 car.
306 361 376 445 uu]
701 385 743 428 nn
760 386 835 429 nno,
1280 365 1319 426 5l

221 543 361 615 deretur:
384 550 484 634 primo
506 550 655 632 absolute,
671 561 707 618 ut
724 561 771 618 est
790 547 826 618 in
848 575 898 618 se:
922 553 1056 618 secundo
1076 560 1111 617 ut
1129 560 1176 616 cst
1189 550 1223 616 in
1244 546 1322 614 rela-

171 687 176 696 ·
220 656 304 722 tione
330 667 488 747 tamquam
511 663 703 730 subiectum:
726 673 758 730 et
777 665 835 730 hoc
857 665 991 731 secundo
1008 663 1101 732 modo
1123 663 1235 728 entitas
1256 659 1323 726 eius

220 791 283 835 non
299 771 401 838 differt
414 775 578 841 intrinsece
593 800 610 841 a
625 776 724 861 seipsa
738 777 877 843 absolute
891 786 1025 864 sumpta,
1039 777 1093 843 scd
1107 774 1322 842 connotatione

221 893 345 949 tantum
373 887 417 952 rei
446 888 629 971 extrinsecae,
653 889 685 955 in
715 899 866 976 quantum
896 890 970 957 dicit
999 891 1136 956 ordinem
1162 888 1201 954 ad
1227 894 1321 952 extra.

223 998 370 1063 Similiter
395 1022 469 1084 ergo
494 1001 599 1066 volitio
622 1001 694 1067 boni
719 1003 808 1067 realis
834 1003 995 1068 extrinseci
1018 1004 1051 1067 in
1075 1003 1143 1068 Deo
1167 1001 1248 1065 idem
1275 1005 1325 1062 est

221 1113 375 1177 cntitctiae
388 1113 543 1179 ac'volitio
557 1114 725 1178 necessaria
739 1113 779 1178 ad
793 1115 874 1179 intra
891 1114 934 1198 (ct
948 1115 1017 1180 idco
1032 1123 1078 1179 est
1092 1123 1123 1178 ct
1137 1113 1204 1197 ipsa
1217 1131 1322 1176 neces-

196 1225 301 1291 ‘saria
321 1226 512 1310 entitative):
536 1226 589 1291 aed
603 1235 728 1312 propter
747 1227 988 1312 contingentiam
1008 1227 1082 1292 boni
1098 1222 1268 1301 extrinseci,
1283 1220 1323 1286 ad

221 1338 304 1423 quod
326 1337 432 1403 eadem
446 1339 551 1404 volitio
570 1339 761 1420 terminatur,
777 1362 873 1426 quum
895 1348 997 1426 posset
1012 1361 1075 1404 nou
1098 1338 1141 1403 sic
1155 1332 1323 1411 terminari,

221 1450 326 1515 eadem
355 1450 461 1515 volitio
493 1459 541 1516 cst
569 1454 751 1516 terminative
778 1460 810 1516 et
838 1450 961 1517 relative
995 1451 1186 1534 contingens.
1230 1443 1325 1510 Unde

221 1563 372 1648 quidquid
387 1586 419 1628 se
433 1570 518 1628 tenet
532 1585 568 1627 cx
582 1572 668 1648 parte
683 1572 769 1628 actua
784 1562 880 1628 divini
894 1562 1026 1628 absoluti
1040 1570 1087 1627 eat
1101 1558 1322 1625 necessarium:

221 1674 371 1760 quidquid
396 1697 428 1738 se
450 1682 535 1738 tenet
558 1696 594 1738 ex
619 1682 705 1758 parte
727 1673 849 1739 termini
871 1673 1031 1739 extrinseci
1056 1681 1102 1738 cst
1123 1670 1323 1754 contingens:

221 1790 286 1871 ipsa
308 1795 405 1851 autem
427 1788 593 1851 terminatio
607 1794 691 1850 actua
709 1787 835 1852 absoluti
856 1788 1011 1851 necessarii
1032 1785 1073 1850 ud
1087 1785 1241 1850 terminum
1255 1804 1322 1846 cou-

222 1901 379 1982 tinpentcm
403 1907 447 1963 est
472 1897 747 1982 contiupeue‚·quia
769 1906 870 1982 potest
899 1920 960 1962 non
991 1919 1065 1962 csse.
1124 1895 1208 1979 Ergo
1236 1901 1325 1958 actus

223 2009 372 2074 creativus
400 2016 448 2073 est
473 2008 631 2073 entitative
656 2015 687 2072 ct
716 2008 912 2074 materialiter
936 2007 1123 2074 necessarius
1147 2008 1180 2070 in
1206 2005 1323 2070 ratione

222 2130 318 2200 actua,
335 2120 389 2186 scd
411 2130 459 2184 est
484 2120 666 2204 contingens
688 2121 855 2185 formaliter
877 2130 908 2186 et
929 2120 1121 2186 terminative
1140 2119 1180 2183 ob
1204 2116 1324 2182 contin·

222 2234 357 2319 gentiam
372 2231 496 2296 termini
513 2233 601 2297 realis
620 2254 683 2318 quo
699 2233 870 2318 completur
886 2233 920 2296 in
939 2255 1005 2298 csse
1024 2243 1111 2297 actus
1130 2229 1270 2296 creativi:
1293 2237 1324 2292 ct

222 2344 343 2408 brevius
365 2352 449 2408 actio
474 2346 617 2408 nauticus
638 2352 682 2409 est
705 2346 885 2408 accessorius
905 2347 937 2409 iu
958 2345 1085 2423 essendo,
1104 2343 1272 2426 emninperre
1293 2342 1325 2404 in

223 2457 414 2521 terminando.

266 2568 319 2631 64.
342 2566 390 2631 llx
404 2566 453 2631 his
468 2575 592 2652 apparet
610 2566 764 2652 quomodo
778 2567 953 2653 responderi
973 2567 1069 2652 possit
1085 2563 1324 2642 difficultatibus,

222 2701 290 2764 quae
310 2700 346 2742 ex
367 2677 616 2742 immutabilitate
633 2678 694 2743 Dei
715 2687 864 2764 petuntur
881 2689 987 2745 contra
1005 2679 1071 2744 eiua
1092 2677 1263 2742 libertatem
1286 2674 1325 2739 ad

223 2803 316 2856 extra.
363 2790 466 2854 Primo
492 2791 584 2869 enim,
598 2813 639 2864 ¹eo
662 2790 729 2875 ipso
752 2792 835 2877 quod
858 2793 891 2857 in
915 2791 1075 2857 asserenda
1099 2789 1159 2855 Dei
1183 2788 1325 2853 libertate

222 2903 397 2987 indigemus
422 2900 533 2965 addere
558 2901 771 2967 limitationem
794 2905 835 2968 ad
858 2912 953 2981 ectru,
975 2910 1109 2988 apparet,
1132 2910 1234 2965 actum
1264 2898 1325 2963 Dei

222 3012 351 3078 liberum
367 3034 430 3075 non
446 3034 535 3096 posse
549 3012 667 3096 concipi
690 3013 857 3077 secundum
873 3014 1086 3078 formalitatem
1101 3012 1198 3090 liberi,
1214 3010 1275 3075 nisi
1289 3019 1324 3074 ut

223 3124 339 3211 aliquid
363 3123 479 3188 ordinis
500 3123 627 3203 relativi,
646 3132 677 3189 ct
703 3123 873 3190 libertatem
896 3124 956 3189 Dei
977 3124 1144 3188 formaliter
1169 3130 1325 3207 sumptam

222 3260 286 3301 non
296 3259 362 3300 esse
376 3236 437 3299 nisi
450 3235 614 3299 carentiam
629 3258 725 3299 nexus
739 3236 898 3301 necessarii
912 3237 992 3301 inter
1003 3245 1104 3300 actum
1117 3243 1147 3298 et
1159 3234 1324 3298 terminum

222 3349 435 3414 extrinsecum.
475 3348 508 3412 Si
522 3370 596 3432 ergo
610 3356 780 3432 perseveret
791 3348 856 3412 haec
870 3348 1012 3427 carentia,
1023 3346 1226 3433 perseverabit
1237 3346 1325 3411 Deus

222 3460 433 3526 immutabilis.
477 3460 575 3545 Atqui
594 3482 648 3544 per
673 3468 775 3525 actum
799 3461 859 3525 Dei
880 3460 1010 3524 liberum
1032 3482 1095 3524 non
1118 3457 1325 3523 introducitur

222 3596 318 3639 nexus
337 3571 544 3650 necessarius3
567 3594 639 3636 nam
654 3571 860 3637 introducitur
875 3594 969 3637 nexus
990 3571 1113 3636 liberet
1132 3570 1323 3654 contingens.
1395 3639 1410 3662 ⁴

222 3685 307 3769 Ergo
320 3685 416 3762 Deua,
431 3682 524 3748 etiam
539 3692 575 3747 ut
589 3683 676 3759 liber,
691 3691 795 3748 manet
809 3682 1019 3748 immutabilis.

267 3795 418 3875 Secundo,
433 3817 469 3859 ex
491 3817 526 3860 eo
548 3795 631 3880 quod
645 3795 732 3860 Deus
752 3803 832 3860 creet
847 3795 894 3861 vel
916 3817 979 3859 non
997 3803 1086 3872 creet,
1102 3805 1183 3858 creet
1205 3793 1263 3858 hoc
1277 3793 1324 3858 vel

221 3906 372 3987 illud,ch
391 3907 475 3977 hunc
489 3907 640 3972 mundum
660 3915 691 3971 at
706 3929 769 3971 non
784 3906 887 3986 alium,
903 3905 982 3970 nihil
1002 3904 1085 3970 aliud
1100 3905 1249 3990 sequitur,
1265 3905 1325 3970 nisi

222 4019 305 4104 quod
320 4019 385 4083 eius
408 4026 495 4083 actua
508 4017 692 4083 terminetur
709 4017 747 4081 ad
768 4027 851 4081 extra
867 4016 914 4081 vel
936 4038 999 4080 non
1014 4016 1204 4094 terminetur,
1220 4017 1324 4081 termi-

222 4139 314 4195 netur
329 4153 392 4196 uno
404 4130 537 4195 termino
544 4129 591 4194 vel
606 4129 675 4208 alio,
687 4151 750 4194 uno
765 4137 796 4193 et
810 4151 873 4192 non
888 4127 957 4193 alio.
1004 4128 1073 4192 Hoc
1088 4137 1191 4192 autem
1206 4128 1324 4194 nullam

222 4243 367 4327 importat
381 4242 583 4306 mutationem
597 4241 631 4304 in
646 4241 723 4320 Deo,
739 4239 792 4305 sed
806 4248 928 4305 tantum
943 4239 976 4304 in
991 4239 1132 4319 termino,
1149 4241 1203 4325 qui
1218 4240 1325 4326 incipit

222 4371 297 4432 ease,
312 4361 343 4418 et
366 4374 402 4418 ex
416 4374 478 4437 quo
493 4352 579 4416 Deus
603 4351 878 4416 denominationem
893 4351 1005 4416 realem
1028 4350 1158 4415 creantis
1173 4351 1323 4436 acquirit3

1099 4483 1117 4524 n
1130 4465 1150 4526 2
