3222 4984
292 341 359 406 246
620 365 834 412 1166116161
850 367 1070 412 susurrans.
1269 346 1358 430 [voa.
1378 367 1404 410 1.

326 521 392 594 Pop.
404 525 446 578 26.
460 524 503 580 lia
517 523 542 579 8.
561 524 715 582 differentia
725 528 824 600 corripe
836 529 989 585 differentia
1000 528 1180 585 communiter

328 609 396 664 Ibid.
409 610 455 664 lia.
468 610 511 664 20.
529 611 680 666 adveniunt
692 614 792 685 conabo
803 616 936 670 resultent
947 634 982 672 ex

328 695 397 750 Ibid.
411 695 456 750 lia
470 697 512 750 26.
532 713 624 752 eornm
637 699 776 754 actionum
791 700 981 757 determinatio
994 700 1093 773 corripe
1105 717 1198 756 comm
1209 699 1402 756 determinatio

291 781 327 835 ad
339 780 378 835 616
389 781 525 853 agendum
536 787 566 837 et
576 783 734 856 patiendum
746 786 775 840 in
787 788 937 860 composito

327 867 393 938 Pap.
406 868 448 922 27.
462 869 506 923 lia.
519 870 544 923 6.
563 871 678 926 materia
685 892 693 942 5
712 873 812 944 corripe
823 873 937 928 materia
947 878 979 929 ut
991 873 1124 928 terminus
1135 872 1194 928 eius
1204 871 1383 940 intrinsecus3

327 953 392 1024 Pap.
405 955 448 1009 28.
462 955 507 1010 1111.
519 956 544 1010 6.
562 957 793 1027 maurenasca
809 959 893 1015 idest
910 960 1090 1015 substantiam
1107 959 1284 1030 materialem,
1296 964 1328 1014 ut
1345 959 1400 1012 hoc

291 1039 350 1095 loco
362 1041 502 1097 evidenter
512 1042 721 1116 intelligendum
733 1050 783 1116 est,

326 1127 393 1198 Pop.
405 1128 448 1182 30.
461 1129 506 1183 lin.
520 1132 545 1186 9.
564 1129 753 1203 praecisionum
765 1132 865 1203 corripe
874 1137 1061 1206 conceptuum.

325 1212 390 1283 Pop.
403 1214 446 1268 62.
460 1214 504 1268 lta.
517 1215 560 1270 20.
578 1217 796 1290 metaphysioum
807 1218 907 1289 conabo
916 1218 1038 1291 logicum

326 1299 393 1370 Pap.
405 1301 447 1354 66.
462 1301 506 1354 aa.
518 1301 561 1356 61.
580 1302 764 1375 metaphysioe
776 1304 876 1374 conspe
887 1303 1027 1376 proecisive

324 1385 390 1456 Pop.
404 1387 446 1441 67.
461 1388 504 1441 lira
519 1389 544 1442 2.
563 1405 655 1460 genus.
701 1391 793 1444 Adde:
822 1389 892 1456 Quae
912 1389 1111 1463 consequentia,
1132 1397 1165 1446 ut
1187 1389 1275 1446 obiter
1297 1390 1397 1461 dicam,

288 1471 465 1527 universalior
477 1479 526 1542 est,
539 1491 621 1547 quam
632 1475 779 1548 proemissae
791 1494 826 1530 ex
837 1476 936 1549 quibus
947 1476 1098 1532 deducitur.

323 1558 389 1628 Pop.
403 1559 446 1612 38.
459 1560 503 1614 leb.
516 1561 558 1615 22.
577 1560 676 1615 1611616
687 1559 796 1631 virium,
809 1579 857 1616 seu
868 1561 978 1618 virtutis
995 1580 1056 1634 qnae
1068 1567 1111 1617 est
1127 1562 1157 1616 in
1168 1563 1269 1618 talibus
1283 1563 1398 1634 viribus,

288 1644 323 1698 ad
334 1645 466 1716 quosdam
477 1651 554 1700 actus
569 1651 598 1700 et
608 1647 644 1703 ad
656 1653 759 1702 certum
776 1648 942 1704 intensitatis
958 1650 1088 1720 gradum:
1107 1651 1207 1721 conspe
1219 1649 1341 1706 exercitii
1351 1650 1397 1706 vis

288 1730 385 1785 activae
399 1735 427 1785 et
438 1732 553 1803 passivae
564 1732 593 1786 in
606 1734 755 1806 composito
766 1735 914 1789 seeundum
925 1735 999 1808 leges
1010 1735 1181 1791 mechanicas
1191 1755 1198 1791 =

323 1817 388 1887 Pae.
401 1818 444 1871 40.
458 1817 502 1872 da.
515 1817 558 1873 20.
570 1818 730 1874 substantiae
743 1821 808 1874 adde
819 1821 957 1876 naturalis

323 1903 388 1972 Pap.
401 1903 444 1958 41.
458 1903 501 1957 lira
516 1904 557 1960 12.
576 1905 740 1960 concordant
752 1907 851 1977 compe
863 1906 1030 1961 conveniunt

321 1989 442 2060 Paete.
456 1990 556 2046 111626.
574 1991 666 2065 ipsum
683 1997 775 2047 actum
789 1991 887 2064 agendi
899 1992 945 2048 vel
962 1992 1092 2065 patiendi,
1103 1991 1134 2048 id
1149 1997 1191 2047 est
1208 1993 1334 2048 movendi
1345 1991 1393 2048 rel

286 2075 435 2148 accipiendi
446 2081 566 2146 motum,
586 2077 785 2150 com'pe'ipsam
796 2078 885 2149 legem
896 2078 994 2150 agendi
1006 2079 1051 2132 vel
1062 2077 1199 2150 patiendi;

321 2163 390 2216 11111.
404 2163 450 2217 lira
464 2164 507 2217 26.
526 2163 609 2217 aliam
631 2164 773 2218 materiam
796 2165 897 2234 corripe
922 2164 1129 2218 determinatam
1152 2163 1295 2218 materiam
1318 2170 1392 2219 certo

285 2249 366 2303 modo
378 2248 447 2303 etin
459 2249 538 2304 certis
550 2250 686 2305 distantiis
696 2251 862 2322 dispositam,
1395 2277 1400 2286 ·

319 2335 441 2405 111644.
455 2335 500 2389 lin.
514 2335 555 2388 16.
573 2336 757 2408 potentialitas
772 2335 862 2390 activa
882 2353 917 2390 ex
934 2335 984 2390 illa
1000 2353 1113 2390 manans
1131 2341 1159 2390 et
1176 2335 1390 2391 determinabilis

284 2422 319 2480 ad
340 2428 418 2476 extra
437 2423 527 2494 quoad
547 2423 709 2496 positionem
726 2427 810 2478 ectus
830 2423 930 2494 corripe
948 2427 981 2477 ut
997 2423 1083 2477 virtus
1101 2423 1198 2492 activa,
1217 2423 1295 2478 cuius
1313 2429 1389 2479 661116

283 2509 383 2580 pendet
395 2508 429 2564 ab
441 2509 588 2564 existentia
598 2509 709 2565 termini
720 2527 736 2562 a
748 2525 776 2562 66
788 2507 918 2577 distincti,
931 2508 961 2562 in
973 2525 1026 2579 quo
1038 2509 1121 2581 recipi
1134 2509 1226 2581 possit.

319 2595 538 2667 1166461166.
557 2613 605 2669 per
623 2613 705 2668 quam
725 2594 767 2650 vis
788 2595 879 2649 activa
898 2613 929 2650 66
948 2594 1056 2668 passiva
1077 2595 1247 2667 singularum
1269 2596 1388 2669 partium

283 2683 479 2739 determinatur
490 2683 525 2738 ad
537 2687 636 2737 actum.
649 2683 747 2753 1611196
758 2699 807 2754 per
818 2699 900 2754 quam
912 2681 1108 2737 determinatur
1119 2682 1182 2737 talis
1193 2683 1239 2737 lex
1250 2682 1388 2738 actionum

283 2775 312 2825 61
322 2771 479 2843 passionum
490 2770 519 2823 in
531 2769 687 2840 composito.

317 2857 383 2926 Pap.
396 2855 439 2909 40.
453 2855 499 2909 lin.
511 2856 555 2910 22.
574 2860 700 2909 contactu
715 2855 817 2926 corripe
834 2856 1019 2908 6661661616
1036 2855 1103 2908 adde
1120 2860 1209 2908 11616111
1225 2861 1386 2926 6666611666

281 2947 299 2986 ⁸
316 2942 473 2997 Adhibetur
483 2941 529 2995 hic
546 2940 708 2996 vocabulum
722 2947 853 2996 6611166116
864 2941 894 2995 16
911 2957 992 2995 66666
1004 2940 1111 3012 vulgari
1127 2946 1156 2995 et
1172 2940 1268 2996 obvio:
1287 2943 1386 2996 namsi

281 3029 368 3101 magis
388 3033 482 3082 exacte
504 3033 531 3081 et
548 3027 734 3099 philosophice
751 3028 919 3100 loquendum
936 3031 1015 3096 esset,
1029 3026 1112 3080 nimis
1127 3027 1225 3099 longus
1245 3028 1386 3083 verborum

280 3115 410 3172 circuitus
432 3112 619 3185 requireretur.
667 3113 709 3168 De
732 3119 860 3170 contactu
883 3130 1027 3187 corporum
1055 3112 1147 3184 alique
1169 3113 1335 3168 notabuntur
1356 3115 1386 3169 16

280 3205 399 3258 amen
410 3205 547 3272 sequente.
666 3189 670 3195 ¹

317 3289 386 3343 Ibid.
400 3287 444 3341 lia.
458 3287 500 3341 25.
520 3285 572 3339 boe
584 3285 746 3355 6611961166

317 3375 385 3430 Ibid
398 3374 442 3428 lia.
456 3372 498 3427 27.
518 3371 880 3441 66611616661696611616616

313 3464 380 3532 Pop.
393 3461 435 3515 66.
450 3460 494 3514 lta.
507 3460 550 3527 23,
562 3458 605 3512 24.
624 3457 822 3526 substantiales,
836 3459 901 3512 adde
913 3465 942 3514 61
953 3458 1045 3530 plures
1057 3456 1244 3528 accidentales,

314 3549 381 3604 16111.
395 3548 439 3602 lia.
452 3547 495 3600 25.
514 3543 703 3616 intelligentem
714 3544 813 3614 eorm'pe
824 3550 852 3597 61

313 3636 381 3690 ibid.
395 3634 438 3688 lia.
452 3633 494 3686 26.
513 3631 554 3685 116
564 3636 597 3684 61
607 3630 776 3686 constituant
788 3631 888 3700 canipe
900 3629 1091 3701 intelligantur
1102 3629 1265 3684 constituere

313 3721 380 3776 Ibid.
393 3720 437 3774 lia.
451 3719 493 3773 27.
513 3717 599 3771 forme
611 3717 676 3770 adde
687 3721 729 3770 est
742 3715 840 3784 anime,
854 3733 914 3787 quae
1310 3710 1315 3720 ’

311 3809 377 3879 Pap.
391 3808 433 3860 66.
447 3805 493 3859 lia.
507 3806 549 3859 29.
569 3801 757 3857 detenninatio
770 3801 804 3856 ad
816 3802 915 3871 corripe
926 3800 1115 3856 determinatio
1128 3800 1163 3855 ad
1173 3799 1213 3854 sio

311 3896 376 3965 Pop.
390 3895 433 3947 69.
447 3893 491 3947 lia.
504 3893 546 3946 22.
566 3907 620 3961 quo
632 3889 728 3944 vivens
740 3889 905 3960 6611196666
918 3905 1014 3961 corpus
1024 3887 1121 3942 vivens

310 3983 376 4053 Pop.
391 3979 491 4034 661111.
506 3978 600 4032 16-16
619 3982 720 4031 statum
732 3976 883 4030 numeralem
895 3975 935 4029 rei
936 4014 1050 4030 .....
1077 3973 1133 4029 Sed
1144 3974 1197 4028 hoc
1207 3973 1304 4046 ipsum,
1314 3973 1379 4029 licet

275 4069 375 4139 corripe
383 4066 509 4138 speciem,
517 4064 540 4118 si
550 4062 652 4118 additio
664 4068 693 4116 et
701 4061 848 4118 subtractio
855 4063 905 4116 fiat
916 4061 987 4116 circa
998 4060 1141 4116 materiam
1149 4059 1305 4133 compositi:
1324 4079 1379 4116 non

275 4160 366 4212 autem
378 4154 410 4223 si,
420 4157 526 4206 servata
537 4150 632 4204 eadem
643 4149 757 4203 materia
768 4153 797 4203 et
805 4147 899 4202 eedem
911 4148 999 4220 speeie
1008 4147 1221 4221 compositionis,
1230 4147 1316 4203 forma
1327 4166 1377 4204 na·

273 4241 370 4296 turalis
381 4239 530 4294 constituat
540 4255 641 4292 nexum
654 4235 812 4308 simpliciter
822 4234 997 4290 intensiorem
1008 4240 1057 4290 aut
1069 4235 1249 4290 remissiorem
1258 4235 1287 4290 iu
1295 4236 1379 4308 parti·

273 4330 331 4386 bas.
368 4325 407 4380 Et
418 4326 469 4379 hoc
481 4323 587 4388 intendi
598 4328 628 4377 et
638 4322 741 4377 remitti
752 4321 909 4392 formaliter,
922 4328 1049 4378 manente
1061 4322 1159 4396 specie,
1170 4322 1236 4378 lieet
