<?xml version="1.0" encoding="UTF-8"?>
<!DOCTYPE html PUBLIC "-//W3C//DTD XHTML 1.0 Transitional//EN"
    "http://www.w3.org/TR/xhtml1/DTD/xhtml1-transitional.dtd">
<html xmlns="http://www.w3.org/1999/xhtml" xml:lang="en" lang="en">
 <head>
  <title>
</title>
<meta http-equiv="Content-Type" content="text/html;charset=utf-8" />
  <meta name='ocr-system' content='tesseract 3.04.00' />
  <meta name='ocr-capabilities' content='ocr_page ocr_carea ocr_par ocr_line ocrx_word'/>
</head>
<body>
  <div class='ocr_page' id='page_1' title='image "./realisphilosoph01baymgoog_0025.png"; bbox 0 0 3212 4986; ppageno 0'>
   <div class='ocr_carea' id='block_1_1' title="bbox 269 331 1369 416">
    <p class='ocr_par' dir='ltr' id='par_1_1' title="bbox 269 331 1369 416">
     <span class='ocr_line' id='line_1_1' title="bbox 269 331 1369 416; baseline -0.01 -11"><span class='ocrx_word' id='word_1_1' title='bbox 269 343 310 406; x_wconf 89' lang='lat'><strong>10</strong></span> <span class='ocrx_word' id='word_1_2' title='bbox 753 357 797 402; x_wconf 83' lang='grc' dir='ltr'><strong>ιιι</strong></span> <span class='ocrx_word' id='word_1_3' title='bbox 814 355 888 400; x_wconf 80' lang='lat' dir='ltr'><strong>nno.</strong></span> <span class='ocrx_word' id='word_1_4' title='bbox 1240 331 1327 416; x_wconf 74' lang='lat' dir='ltr'><strong>[css.</strong></span> <span class='ocrx_word' id='word_1_5' title='bbox 1344 351 1369 395; x_wconf 90' lang='grc' dir='ltr'><strong>ι.</strong></span> 
     </span>
    </p>
   </div>
   <div class='ocr_carea' id='block_1_2' title="bbox 262 517 1373 4392">
    <p class='ocr_par' dir='ltr' id='par_1_2' title="bbox 265 517 1369 721">
     <span class='ocr_line' id='line_1_2' title="bbox 266 517 1369 609; baseline -0.006 -21"><span class='ocrx_word' id='word_1_6' title='bbox 266 521 419 588; x_wconf 76' lang='lat' dir='ltr'><strong>Caeterum</strong></span> <span class='ocrx_word' id='word_1_7' title='bbox 434 523 646 609; x_wconf 75' lang='lat' dir='ltr'><strong>contingentia</strong></span> <span class='ocrx_word' id='word_1_8' title='bbox 659 545 762 588; x_wconf 85' lang='lat' dir='ltr'><strong>rerum</strong></span> <span class='ocrx_word' id='word_1_9' title='bbox 777 522 891 588; x_wconf 76' lang='lat' dir='ltr'><strong>directe</strong></span> <span class='ocrx_word' id='word_1_10' title='bbox 912 543 950 586; x_wconf 85' lang='lat' dir='ltr'><strong>ex</strong></span> <span class='ocrx_word' id='word_1_11' title='bbox 969 519 1144 586; x_wconf 89' lang='lat' dir='ltr'><strong>earumdem</strong></span> <span class='ocrx_word' id='word_1_12' title='bbox 1165 517 1369 584; x_wconf 72' lang='lat' dir='ltr'><strong>mutabilitate</strong></span> 
     </span>
     <span class='ocr_line' id='line_1_3' title="bbox 265 631 1260 721; baseline -0.003 -23"><span class='ocrx_word' id='word_1_13' title='bbox 265 634 375 700; x_wconf 90' lang='lat' dir='ltr'><strong>deduci</strong></span> <span class='ocrx_word' id='word_1_14' title='bbox 390 644 502 719; x_wconf 86' lang='lat' dir='ltr'><strong>potest,</strong></span> <span class='ocrx_word' id='word_1_15' title='bbox 519 635 595 721; x_wconf 91' lang='lat' dir='ltr'><strong>quin</strong></span> <span class='ocrx_word' id='word_1_16' title='bbox 610 635 690 700; x_wconf 88' lang='lat' dir='ltr'><strong>entis</strong></span> <span class='ocrx_word' id='word_1_17' title='bbox 705 633 867 700; x_wconf 88' lang='lat' dir='ltr'><strong>necessarii</strong></span> <span class='ocrx_word' id='word_1_18' title='bbox 882 631 1043 698; x_wconf 82' lang='lat' dir='ltr'><strong>existentia</strong></span> <span class='ocrx_word' id='word_1_19' title='bbox 1058 639 1260 716; x_wconf 89' lang='lat' dir='ltr'><strong>supponatur.</strong></span> 
     </span>
    </p>

    <p class='ocr_par' dir='ltr' id='par_1_3' title="bbox 264 740 1373 1387">
     <span class='ocr_line' id='line_1_4' title="bbox 310 740 1368 828; baseline -0.007 -17"><span class='ocrx_word' id='word_1_20' title='bbox 310 749 341 811; x_wconf 88' lang='grc'><strong>7.</strong></span> <span class='ocrx_word' id='word_1_21' title='bbox 369 747 496 810; x_wconf 82' lang='lat' dir='ltr'><strong>Obiicics</strong></span> <span class='ocrx_word' id='word_1_22' title='bbox 509 749 555 811; x_wconf 82' lang='lat'><strong>3⁰.</strong></span> <span class='ocrx_word' id='word_1_23' title='bbox 581 747 618 810; x_wconf 80' lang='lat' dir='ltr'><strong>Si</strong></span> <span class='ocrx_word' id='word_1_24' title='bbox 638 748 722 812; x_wconf 86' lang='lat' dir='ltr'><strong>ambo</strong></span> <span class='ocrx_word' id='word_1_25' title='bbox 744 747 872 810; x_wconf 79' lang='lat' dir='ltr'><strong>videmus</strong></span> <span class='ocrx_word' id='word_1_26' title='bbox 893 767 991 809; x_wconf 75' lang='lat' dir='ltr'><strong>coum</strong></span> <span class='ocrx_word' id='word_1_27' title='bbox 1013 765 1074 808; x_wconf 84' lang='lat' dir='ltr'><strong>esse</strong></span> <span class='ocrx_word' id='word_1_28' title='bbox 1089 744 1168 828; x_wconf 83' lang='lat' dir='ltr'><strong>qood</strong></span> <span class='ocrx_word' id='word_1_29' title='bbox 1180 743 1262 822; x_wconf 84' lang='lat' dir='ltr'><strong>dicis,</strong></span> <span class='ocrx_word' id='word_1_30' title='bbox 1277 741 1320 806; x_wconf 90' lang='lat' dir='ltr'><strong>ait</strong></span> <span class='ocrx_word' id='word_1_31' title='bbox 1337 740 1368 804; x_wconf 87' lang='lat' dir='ltr'><strong>S.</strong></span> 
     </span>
     <span class='ocr_line' id='line_1_5' title="bbox 264 854 1373 942; baseline -0.005 -20"><span class='ocrx_word' id='word_1_32' title='bbox 264 857 461 942; x_wconf 79' lang='lat' dir='ltr'><strong>Augustinus</strong></span> <span class='ocrx_word' id='word_1_33' title='bbox 479 857 582 940; x_wconf 81' lang='lat' dir='ltr'><strong>(Ocni.</strong></span> <span class='ocrx_word' id='word_1_34' title='bbox 597 858 619 922; x_wconf 93' lang='lat' dir='ltr'><strong>l.</strong></span> <span class='ocrx_word' id='word_1_35' title='bbox 633 861 685 923; x_wconf 77' lang='lat'><strong>12.</strong></span> <span class='ocrx_word' id='word_1_36' title='bbox 703 879 728 922; x_wconf 90' lang='lat' dir='ltr'><strong>c.</strong></span> <span class='ocrx_word' id='word_1_37' title='bbox 739 859 807 941; x_wconf 76' lang='lat'><strong>25),</strong></span> <span class='ocrx_word' id='word_1_38' title='bbox 822 865 851 921; x_wconf 84' lang='lat' dir='ltr'><strong>et</strong></span> <span class='ocrx_word' id='word_1_39' title='bbox 866 858 949 920; x_wconf 86' lang='lat' dir='ltr'><strong>ambo</strong></span> <span class='ocrx_word' id='word_1_40' title='bbox 964 857 1092 920; x_wconf 81' lang='lat' dir='ltr'><strong>videmus</strong></span> <span class='ocrx_word' id='word_1_41' title='bbox 1105 878 1204 919; x_wconf 74' lang='lat' dir='ltr'><strong>cenem</strong></span> <span class='ocrx_word' id='word_1_42' title='bbox 1218 877 1279 919; x_wconf 81' lang='lat' dir='ltr'><strong>ease</strong></span> <span class='ocrx_word' id='word_1_43' title='bbox 1294 854 1373 938; x_wconf 85' lang='lat' dir='ltr'><strong>qood</strong></span> 
     </span>
     <span class='ocr_line' id='line_1_6' title="bbox 265 965 1373 1052; baseline -0.003 -21"><span class='ocrx_word' id='word_1_44' title='bbox 265 968 340 1047; x_wconf 86' lang='lat' dir='ltr'><strong>dico,</strong></span> <span class='ocrx_word' id='word_1_45' title='bbox 354 970 414 1047; x_wconf 84' lang='lat' dir='ltr'><strong>ubi,</strong></span> <span class='ocrx_word' id='word_1_46' title='bbox 430 991 536 1052; x_wconf 74' lang='lat' dir='ltr'><strong>queso,</strong></span> <span class='ocrx_word' id='word_1_47' title='bbox 559 971 592 1034; x_wconf 85' lang='lat' dir='ltr'><strong>id</strong></span> <span class='ocrx_word' id='word_1_48' title='bbox 610 967 762 1034; x_wconf 68' lang='lat' dir='ltr'><strong>mdcmaal</strong></span> <span class='ocrx_word' id='word_1_49' title='bbox 806 968 873 1032; x_wconf 87' lang='lat' dir='ltr'><strong>Nec</strong></span> <span class='ocrx_word' id='word_1_50' title='bbox 894 990 946 1052; x_wconf 74' lang='lat' dir='ltr'><strong>ego</strong></span> <span class='ocrx_word' id='word_1_51' title='bbox 968 968 1000 1030; x_wconf 82' lang='lat' dir='ltr'><strong>in</strong></span> <span class='ocrx_word' id='word_1_52' title='bbox 1022 975 1061 1046; x_wconf 79' lang='lat' dir='ltr'><strong>te,</strong></span> <span class='ocrx_word' id='word_1_53' title='bbox 1076 988 1129 1030; x_wconf 87' lang='lat' dir='ltr'><strong>aec</strong></span> <span class='ocrx_word' id='word_1_54' title='bbox 1146 974 1179 1030; x_wconf 83' lang='lat' dir='ltr'><strong>tu</strong></span> <span class='ocrx_word' id='word_1_55' title='bbox 1199 968 1230 1030; x_wconf 86' lang='lat' dir='ltr'><strong>ia</strong></span> <span class='ocrx_word' id='word_1_56' title='bbox 1252 988 1305 1043; x_wconf 88' lang='lat' dir='ltr'><strong>me,</strong></span> <span class='ocrx_word' id='word_1_57' title='bbox 1321 965 1373 1030; x_wconf 81' lang='lat' dir='ltr'><strong>scd</strong></span> 
     </span>
     <span class='ocr_line' id='line_1_7' title="bbox 265 1077 1368 1164; baseline -0.002 -22"><span class='ocrx_word' id='word_1_58' title='bbox 265 1079 348 1142; x_wconf 80' lang='lat' dir='ltr'><strong>orabo</strong></span> <span class='ocrx_word' id='word_1_59' title='bbox 364 1080 395 1142; x_wconf 87' lang='lat' dir='ltr'><strong>ia</strong></span> <span class='ocrx_word' id='word_1_60' title='bbox 406 1080 481 1164; x_wconf 73' lang='lat' dir='ltr'><strong>qaae,</strong></span> <span class='ocrx_word' id='word_1_61' title='bbox 492 1102 556 1163; x_wconf 72' lang='lat' dir='ltr'><strong>que</strong></span> <span class='ocrx_word' id='word_1_62' title='bbox 570 1103 660 1164; x_wconf 82' lang='lat' dir='ltr'><strong>cupra</strong></span> <span class='ocrx_word' id='word_1_63' title='bbox 675 1087 784 1144; x_wconf 83' lang='lat' dir='ltr'><strong>meotes</strong></span> <span class='ocrx_word' id='word_1_64' title='bbox 798 1088 915 1144; x_wconf 81' lang='grc' dir='ltr'><strong>ιιοιιιαι</strong></span> <span class='ocrx_word' id='word_1_65' title='bbox 929 1087 982 1157; x_wconf 81' lang='grc' dir='ltr'><strong>ιιι,</strong></span> <span class='ocrx_word' id='word_1_66' title='bbox 993 1077 1223 1142; x_wconf 81' lang='lat' dir='ltr'><strong>incommutabili</strong></span> <span class='ocrx_word' id='word_1_67' title='bbox 1237 1079 1368 1141; x_wconf 71' lang='lat' dir='ltr'><strong>veritate.</strong></span> 
     </span>
     <span class='ocr_line' id='line_1_8' title="bbox 266 1187 1370 1274; baseline -0.003 -21"><span class='ocrx_word' id='word_1_68' title='bbox 266 1188 364 1274; x_wconf 85' lang='lat' dir='ltr'><strong>Atqui</strong></span> <span class='ocrx_word' id='word_1_69' title='bbox 379 1190 490 1255; x_wconf 86' lang='lat' dir='ltr'><strong>veritas</strong></span> <span class='ocrx_word' id='word_1_70' title='bbox 505 1190 764 1255; x_wconf 89' lang='lat' dir='ltr'><strong>incommutabilis</strong></span> <span class='ocrx_word' id='word_1_71' title='bbox 779 1197 827 1253; x_wconf 90' lang='lat' dir='ltr'><strong>est</strong></span> <span class='ocrx_word' id='word_1_72' title='bbox 841 1189 939 1253; x_wconf 86' lang='lat' dir='ltr'><strong>Deus.</strong></span> <span class='ocrx_word' id='word_1_73' title='bbox 983 1187 1069 1272; x_wconf 80' lang='lat' dir='ltr'><strong>Ergo</strong></span> <span class='ocrx_word' id='word_1_74' title='bbox 1082 1209 1119 1250; x_wconf 89' lang='lat' dir='ltr'><strong>ex</strong></span> <span class='ocrx_word' id='word_1_75' title='bbox 1135 1187 1166 1251; x_wconf 85' lang='lat' dir='ltr'><strong>S.</strong></span> <span class='ocrx_word' id='word_1_76' title='bbox 1183 1187 1370 1271; x_wconf 86' lang='lat' dir='ltr'><strong>Augustino,</strong></span> 
     </span>
     <span class='ocr_line' id='line_1_9' title="bbox 266 1298 1270 1387; baseline -0.002 -23"><span class='ocrx_word' id='word_1_77' title='bbox 266 1301 326 1365; x_wconf 83' lang='lat' dir='ltr'><strong>nisi</strong></span> <span class='ocrx_word' id='word_1_78' title='bbox 342 1299 428 1387; x_wconf 88' lang='lat' dir='ltr'><strong>prius</strong></span> <span class='ocrx_word' id='word_1_79' title='bbox 442 1323 662 1386; x_wconf 77' lang='lat' dir='ltr'><strong>cognoscamus</strong></span> <span class='ocrx_word' id='word_1_80' title='bbox 678 1302 791 1381; x_wconf 90' lang='lat' dir='ltr'><strong>Deum,</strong></span> <span class='ocrx_word' id='word_1_81' title='bbox 807 1298 885 1364; x_wconf 87' lang='lat' dir='ltr'><strong>nihil</strong></span> <span class='ocrx_word' id='word_1_82' title='bbox 900 1321 1063 1384; x_wconf 89' lang='lat' dir='ltr'><strong>possumus</strong></span> <span class='ocrx_word' id='word_1_83' title='bbox 1077 1319 1270 1384; x_wconf 81' lang='lat' dir='ltr'><strong>cognoscere.</strong></span> 
     </span>
    </p>

    <p class='ocr_par' dir='ltr' id='par_1_4' title="bbox 262 1409 1372 2387">
     <span class='ocr_line' id='line_1_10' title="bbox 310 1409 1370 1500; baseline -0.005 -22"><span class='ocrx_word' id='word_1_84' title='bbox 310 1413 493 1500; x_wconf 83' lang='lat' dir='ltr'><strong>Respondes</strong></span> <span class='ocrx_word' id='word_1_85' title='bbox 507 1415 576 1478; x_wconf 83' lang='lat' dir='ltr'><strong>dist.</strong></span> <span class='ocrx_word' id='word_1_86' title='bbox 593 1416 643 1479; x_wconf 91' lang='lat' dir='ltr'><strong>M.</strong></span> <span class='ocrx_word' id='word_1_87' title='bbox 659 1414 692 1478; x_wconf 90' lang='lat' dir='ltr'><strong>in</strong></span> <span class='ocrx_word' id='word_1_88' title='bbox 706 1412 951 1479; x_wconf 87' lang='lat' dir='ltr'><strong>incommutabili</strong></span> <span class='ocrx_word' id='word_1_89' title='bbox 965 1411 1101 1489; x_wconf 85' lang='lat' dir='ltr'><strong>veritate,</strong></span> <span class='ocrx_word' id='word_1_90' title='bbox 1112 1410 1144 1474; x_wconf 93' lang='lat' dir='ltr'><strong>id</strong></span> <span class='ocrx_word' id='word_1_91' title='bbox 1158 1419 1205 1474; x_wconf 87' lang='lat' dir='ltr'><strong>est</strong></span> <span class='ocrx_word' id='word_1_92' title='bbox 1220 1409 1252 1474; x_wconf 93' lang='lat' dir='ltr'><strong>in</strong></span> <span class='ocrx_word' id='word_1_93' title='bbox 1267 1431 1370 1474; x_wconf 87' lang='lat' dir='ltr'><strong>neces·</strong></span> 
     </span>
     <span class='ocr_line' id='line_1_11' title="bbox 267 1519 1371 1610; baseline -0.005 -22"><span class='ocrx_word' id='word_1_94' title='bbox 267 1525 345 1589; x_wconf 90' lang='lat' dir='ltr'><strong>sario</strong></span> <span class='ocrx_word' id='word_1_95' title='bbox 367 1547 449 1588; x_wconf 85' lang='lat' dir='ltr'><strong>nexu</strong></span> <span class='ocrx_word' id='word_1_96' title='bbox 467 1525 621 1610; x_wconf 85' lang='lat' dir='ltr'><strong>rationum</strong></span> <span class='ocrx_word' id='word_1_97' title='bbox 638 1523 891 1609; x_wconf 83' lang='lat' dir='ltr'><strong>intelligibilium,</strong></span> <span class='ocrx_word' id='word_1_98' title='bbox 906 1545 982 1609; x_wconf 85' lang='lat' dir='ltr'><strong>quas</strong></span> <span class='ocrx_word' id='word_1_99' title='bbox 1000 1521 1031 1585; x_wconf 95' lang='lat' dir='ltr'><strong>in</strong></span> <span class='ocrx_word' id='word_1_100' title='bbox 1048 1519 1174 1585; x_wconf 90' lang='lat' dir='ltr'><strong>obiectis</strong></span> <span class='ocrx_word' id='word_1_101' title='bbox 1188 1519 1371 1605; x_wconf 87' lang='lat' dir='ltr'><strong>percipimus</strong></span> 
     </span>
     <span class='ocr_line' id='line_1_12' title="bbox 265 1632 1370 1717; baseline -0.005 -16"><span class='ocrx_word' id='word_1_102' title='bbox 265 1660 292 1701; x_wconf 86' lang='lat' dir='ltr'><strong>c.</strong></span> <span class='ocrx_word' id='word_1_103' title='bbox 306 1637 367 1715; x_wconf 77' lang='lat' dir='ltr'><strong>M,</strong></span> <span class='ocrx_word' id='word_1_104' title='bbox 383 1635 474 1700; x_wconf 89' lang='lat' dir='ltr'><strong>idest</strong></span> <span class='ocrx_word' id='word_1_105' title='bbox 488 1635 521 1699; x_wconf 93' lang='lat' dir='ltr'><strong>in</strong></span> <span class='ocrx_word' id='word_1_106' title='bbox 535 1635 604 1700; x_wconf 89' lang='lat' dir='ltr'><strong>Deo</strong></span> <span class='ocrx_word' id='word_1_107' title='bbox 620 1636 763 1700; x_wconf 87' lang='lat' dir='ltr'><strong>intuitive</strong></span> <span class='ocrx_word' id='word_1_108' title='bbox 778 1645 809 1700; x_wconf 95' lang='lat' dir='ltr'><strong>et</strong></span> <span class='ocrx_word' id='word_1_109' title='bbox 823 1634 1000 1699; x_wconf 87' lang='lat' dir='ltr'><strong>immediate</strong></span> <span class='ocrx_word' id='word_1_110' title='bbox 1023 1632 1147 1717; x_wconf 91' lang='lat' dir='ltr'><strong>cognito</strong></span> <span class='ocrx_word' id='word_1_111' title='bbox 1168 1655 1198 1697; x_wconf 90' lang='grc' dir='ltr'><strong>ιι.</strong></span> <span class='ocrx_word' id='word_1_112' title='bbox 1214 1633 1275 1711; x_wconf 71' lang='lat' dir='ltr'><strong>M,</strong></span> <span class='ocrx_word' id='word_1_113' title='bbox 1291 1653 1370 1696; x_wconf 83' lang='lat' dir='ltr'><strong>coac.</strong></span> 
     </span>
     <span class='ocr_line' id='line_1_13' title="bbox 265 1742 1371 1830; baseline -0.004 -20"><span class='ocrx_word' id='word_1_114' title='bbox 265 1749 336 1810; x_wconf 85' lang='lat' dir='ltr'><strong>mia.</strong></span> <span class='ocrx_word' id='word_1_115' title='bbox 352 1756 384 1810; x_wconf 91' lang='lat' dir='ltr'><strong>et</strong></span> <span class='ocrx_word' id='word_1_116' title='bbox 398 1770 427 1810; x_wconf 89' lang='grc' dir='ltr'><strong>ιι.</strong></span> <span class='ocrx_word' id='word_1_117' title='bbox 444 1769 522 1811; x_wconf 77' lang='lat' dir='ltr'><strong>corea</strong></span> <span class='ocrx_word' id='word_1_118' title='bbox 569 1747 660 1810; x_wconf 90' lang='lat' dir='ltr'><strong>Ratio</strong></span> <span class='ocrx_word' id='word_1_119' title='bbox 675 1746 880 1812; x_wconf 88' lang='lat' dir='ltr'><strong>distinctionis</strong></span> <span class='ocrx_word' id='word_1_120' title='bbox 896 1754 1000 1830; x_wconf 88' lang='lat' dir='ltr'><strong>patet;</strong></span> <span class='ocrx_word' id='word_1_121' title='bbox 1024 1767 1121 1830; x_wconf 92' lang='lat' dir='ltr'><strong>quum</strong></span> <span class='ocrx_word' id='word_1_122' title='bbox 1138 1743 1219 1808; x_wconf 91' lang='lat' dir='ltr'><strong>enim</strong></span> <span class='ocrx_word' id='word_1_123' title='bbox 1242 1742 1371 1807; x_wconf 89' lang='lat' dir='ltr'><strong>dicimus</strong></span> 
     </span>
     <span class='ocr_line' id='line_1_14' title="bbox 267 1839 1371 1945; baseline -0.005 -22"><span class='ocrx_word' id='word_1_124' title='bbox 267 1859 350 1945; x_wconf 92' lang='lat' dir='ltr'><strong>quod</strong></span> <span class='ocrx_word' id='word_1_125' title='bbox 365 1858 472 1923; x_wconf 88' lang='lat' dir='ltr'><strong>ducet</strong></span> <span class='ocrx_word' id='word_1_126' title='bbox 487 1859 549 1924; x_wconf 93' lang='lat' dir='ltr'><strong>duo</strong></span> <span class='ocrx_word' id='word_1_127' title='bbox 564 1859 680 1923; x_wconf 86' lang='lat' dir='ltr'><strong>faciunt</strong></span> <span class='ocrx_word' id='word_1_128' title='bbox 700 1868 843 1943; x_wconf 89' lang='lat' dir='ltr'><strong>quatuor,</strong></span> <span class='ocrx_word' id='word_1_129' title='bbox 859 1857 1104 1923; x_wconf 82' lang='lat' dir='ltr'><strong>iucommutabilis</strong></span> <span class='ocrx_word' id='word_1_130' title='bbox 1123 1839 1241 1934; x_wconf 69' lang='lat' dir='ltr'><strong>oeiitua,</strong></span> <span class='ocrx_word' id='word_1_131' title='bbox 1258 1854 1290 1919; x_wconf 93' lang='lat' dir='ltr'><strong>in</strong></span> <span class='ocrx_word' id='word_1_132' title='bbox 1310 1877 1371 1941; x_wconf 89' lang='lat' dir='ltr'><strong>qua</strong></span> 
     </span>
     <span class='ocr_line' id='line_1_15' title="bbox 266 1965 1371 2054; baseline -0.005 -20"><span class='ocrx_word' id='word_1_133' title='bbox 266 1969 324 2034; x_wconf 92' lang='lat' dir='ltr'><strong>boc</strong></span> <span class='ocrx_word' id='word_1_134' title='bbox 339 1969 488 2048; x_wconf 87' lang='lat' dir='ltr'><strong>videmus,</strong></span> <span class='ocrx_word' id='word_1_135' title='bbox 506 1977 553 2034; x_wconf 90' lang='lat' dir='ltr'><strong>est</strong></span> <span class='ocrx_word' id='word_1_136' title='bbox 571 1969 759 2034; x_wconf 78' lang='lat' dir='ltr'><strong>neccessarie</strong></span> <span class='ocrx_word' id='word_1_137' title='bbox 782 1991 888 2048; x_wconf 84' lang='lat' dir='ltr'><strong>nexus,</strong></span> <span class='ocrx_word' id='word_1_138' title='bbox 903 1969 957 2054; x_wconf 93' lang='lat' dir='ltr'><strong>qui</strong></span> <span class='ocrx_word' id='word_1_139' title='bbox 971 1976 1018 2032; x_wconf 90' lang='lat' dir='ltr'><strong>est</strong></span> <span class='ocrx_word' id='word_1_140' title='bbox 1033 1967 1114 2031; x_wconf 90' lang='lat' dir='ltr'><strong>inter</strong></span> <span class='ocrx_word' id='word_1_141' title='bbox 1128 1965 1325 2049; x_wconf 83' lang='lat' dir='ltr'><strong>praedicatum</strong></span> <span class='ocrx_word' id='word_1_142' title='bbox 1340 1979 1371 2029; x_wconf 84' lang='lat' dir='ltr'><strong>et</strong></span> 
     </span>
     <span class='ocr_line' id='line_1_16' title="bbox 267 2077 1372 2162; baseline -0.005 -17"><span class='ocrx_word' id='word_1_143' title='bbox 267 2080 450 2159; x_wconf 90' lang='lat' dir='ltr'><strong>subiectum,</strong></span> <span class='ocrx_word' id='word_1_144' title='bbox 465 2100 529 2144; x_wconf 92' lang='lat' dir='ltr'><strong>non</strong></span> <span class='ocrx_word' id='word_1_145' title='bbox 549 2088 653 2145; x_wconf 87' lang='lat' dir='ltr'><strong>autem</strong></span> <span class='ocrx_word' id='word_1_146' title='bbox 672 2080 740 2145; x_wconf 87' lang='lat' dir='ltr'><strong>idea</strong></span> <span class='ocrx_word' id='word_1_147' title='bbox 758 2080 938 2159; x_wconf 90' lang='lat' dir='ltr'><strong>divinitatis,</strong></span> <span class='ocrx_word' id='word_1_148' title='bbox 953 2087 990 2143; x_wconf 90' lang='lat' dir='ltr'><strong>nt</strong></span> <span class='ocrx_word' id='word_1_149' title='bbox 1005 2078 1118 2143; x_wconf 89' lang='lat' dir='ltr'><strong>vellent</strong></span> <span class='ocrx_word' id='word_1_150' title='bbox 1140 2077 1276 2162; x_wconf 89' lang='lat' dir='ltr'><strong>ontologi</strong></span> <span class='ocrx_word' id='word_1_151' title='bbox 1284 2103 1294 2156; x_wconf 77' lang='lat'><em>3</em></span> <span class='ocrx_word' id='word_1_152' title='bbox 1318 2078 1372 2162; x_wconf 93' lang='lat' dir='ltr'><strong>qui</strong></span> 
     </span>
     <span class='ocr_line' id='line_1_17' title="bbox 265 2188 1370 2277; baseline -0.005 -19"><span class='ocrx_word' id='word_1_153' title='bbox 265 2204 366 2258; x_wconf 85' lang='lat' dir='ltr'><strong>essent</strong></span> <span class='ocrx_word' id='word_1_154' title='bbox 375 2191 461 2256; x_wconf 82' lang='lat' dir='ltr'><strong>valde</strong></span> <span class='ocrx_word' id='word_1_155' title='bbox 476 2191 621 2271; x_wconf 90' lang='lat' dir='ltr'><strong>intricati,</strong></span> <span class='ocrx_word' id='word_1_156' title='bbox 635 2193 661 2256; x_wconf 92' lang='lat' dir='ltr'><strong>si</strong></span> <span class='ocrx_word' id='word_1_157' title='bbox 676 2200 858 2277; x_wconf 86' lang='lat' dir='ltr'><strong>cogerentur</strong></span> <span class='ocrx_word' id='word_1_158' title='bbox 874 2215 910 2256; x_wconf 87' lang='lat' dir='ltr'><strong>ex</strong></span> <span class='ocrx_word' id='word_1_159' title='bbox 925 2191 993 2256; x_wconf 84' lang='lat' dir='ltr'><strong>idea</strong></span> <span class='ocrx_word' id='word_1_160' title='bbox 1004 2190 1064 2254; x_wconf 89' lang='lat' dir='ltr'><strong>Dei</strong></span> <span class='ocrx_word' id='word_1_161' title='bbox 1078 2188 1208 2254; x_wconf 90' lang='lat' dir='ltr'><strong>transire</strong></span> <span class='ocrx_word' id='word_1_162' title='bbox 1216 2189 1256 2254; x_wconf 89' lang='lat' dir='ltr'><strong>ad</strong></span> <span class='ocrx_word' id='word_1_163' title='bbox 1270 2189 1370 2253; x_wconf 90' lang='lat' dir='ltr'><strong>ideam</strong></span> 
     </span>
     <span class='ocr_line' id='line_1_18' title="bbox 262 2299 1367 2387; baseline -0.002 -21"><span class='ocrx_word' id='word_1_164' title='bbox 262 2301 411 2386; x_wconf 88' lang='lat' dir='ltr'><strong>trianguli</strong></span> <span class='ocrx_word' id='word_1_165' title='bbox 425 2302 603 2387; x_wconf 86' lang='lat' dir='ltr'><strong>rectanguli,</strong></span> <span class='ocrx_word' id='word_1_166' title='bbox 619 2311 672 2367; x_wconf 89' lang='lat' dir='ltr'><strong>aut</strong></span> <span class='ocrx_word' id='word_1_167' title='bbox 686 2302 725 2368; x_wconf 86' lang='lat' dir='ltr'><strong>ad</strong></span> <span class='ocrx_word' id='word_1_168' title='bbox 740 2302 840 2366; x_wconf 88' lang='lat' dir='ltr'><strong>ideam</strong></span> <span class='ocrx_word' id='word_1_169' title='bbox 855 2302 948 2382; x_wconf 87' lang='lat' dir='ltr'><strong>bruti,</strong></span> <span class='ocrx_word' id='word_1_170' title='bbox 961 2310 1014 2366; x_wconf 91' lang='lat' dir='ltr'><strong>aut</strong></span> <span class='ocrx_word' id='word_1_171' title='bbox 1029 2301 1068 2366; x_wconf 91' lang='lat' dir='ltr'><strong>ad</strong></span> <span class='ocrx_word' id='word_1_172' title='bbox 1083 2301 1252 2387; x_wconf 84' lang='lat' dir='ltr'><strong>quamlibet</strong></span> <span class='ocrx_word' id='word_1_173' title='bbox 1266 2299 1367 2365; x_wconf 82' lang='lat' dir='ltr'><strong>aliam.</strong></span> 
     </span>
    </p>

    <p class='ocr_par' dir='ltr' id='par_1_5' title="bbox 268 2413 1369 2608">
     <span class='ocr_line' id='line_1_19' title="bbox 309 2413 1369 2500; baseline -0.003 -22"><span class='ocrx_word' id='word_1_174' title='bbox 309 2416 450 2480; x_wconf 57' lang='lat' dir='ltr'><strong>Instabat.</strong></span> <span class='ocrx_word' id='word_1_175' title='bbox 472 2414 592 2478; x_wconf 84' lang='lat' dir='ltr'><strong>Veritas</strong></span> <span class='ocrx_word' id='word_1_176' title='bbox 604 2414 872 2494; x_wconf 88' lang='lat' dir='ltr'><strong>incommutabilis,</strong></span> <span class='ocrx_word' id='word_1_177' title='bbox 883 2437 975 2500; x_wconf 86' lang='lat' dir='ltr'><strong>quam</strong></span> <span class='ocrx_word' id='word_1_178' title='bbox 985 2413 1180 2499; x_wconf 88' lang='lat' dir='ltr'><strong>percipimus,</strong></span> <span class='ocrx_word' id='word_1_179' title='bbox 1189 2421 1236 2477; x_wconf 89' lang='lat' dir='ltr'><strong>est</strong></span> <span class='ocrx_word' id='word_1_180' title='bbox 1246 2421 1369 2477; x_wconf 88' lang='lat' dir='ltr'><strong>aeterne.</strong></span> 
     </span>
     <span class='ocr_line' id='line_1_20' title="bbox 268 2524 1011 2608; baseline 0.001 -19"><span class='ocrx_word' id='word_1_181' title='bbox 268 2525 329 2589; x_wconf 87' lang='lat' dir='ltr'><strong>Sed</strong></span> <span class='ocrx_word' id='word_1_182' title='bbox 344 2535 428 2590; x_wconf 88' lang='lat' dir='ltr'><strong>extra</strong></span> <span class='ocrx_word' id='word_1_183' title='bbox 441 2525 545 2589; x_wconf 91' lang='lat' dir='ltr'><strong>Deum</strong></span> <span class='ocrx_word' id='word_1_184' title='bbox 559 2524 638 2588; x_wconf 90' lang='lat' dir='ltr'><strong>nihil</strong></span> <span class='ocrx_word' id='word_1_185' title='bbox 652 2533 699 2588; x_wconf 91' lang='lat' dir='ltr'><strong>est</strong></span> <span class='ocrx_word' id='word_1_186' title='bbox 714 2533 873 2590; x_wconf 86' lang='lat' dir='ltr'><strong>aetemum.</strong></span> <span class='ocrx_word' id='word_1_187' title='bbox 918 2525 1011 2608; x_wconf 77' lang='lat' dir='ltr'><strong>Ergo.</strong></span> 
     </span>
    </p>

    <p class='ocr_par' dir='ltr' id='par_1_6' title="bbox 263 2635 1370 4392">
     <span class='ocr_line' id='line_1_21' title="bbox 310 2635 1370 2722; baseline -0.002 -22"><span class='ocrx_word' id='word_1_188' title='bbox 310 2636 493 2721; x_wconf 88' lang='lat' dir='ltr'><strong>Respondeo</strong></span> <span class='ocrx_word' id='word_1_189' title='bbox 508 2636 576 2699; x_wconf 73' lang='lat' dir='ltr'><strong>dira</strong></span> <span class='ocrx_word' id='word_1_190' title='bbox 592 2637 642 2700; x_wconf 89' lang='lat' dir='ltr'><strong>M.</strong></span> <span class='ocrx_word' id='word_1_191' title='bbox 664 2636 785 2700; x_wconf 86' lang='lat' dir='ltr'><strong>Veritas</strong></span> <span class='ocrx_word' id='word_1_192' title='bbox 798 2636 1066 2716; x_wconf 88' lang='lat' dir='ltr'><strong>incommutabilis,</strong></span> <span class='ocrx_word' id='word_1_193' title='bbox 1078 2658 1169 2722; x_wconf 91' lang='lat' dir='ltr'><strong>quam</strong></span> <span class='ocrx_word' id='word_1_194' title='bbox 1185 2635 1370 2721; x_wconf 88' lang='lat' dir='ltr'><strong>percipimus</strong></span> 
     </span>
     <span class='ocr_line' id='line_1_22' title="bbox 265 2746 1370 2826; baseline -0.002 -14"><span class='ocrx_word' id='word_1_195' title='bbox 265 2755 313 2812; x_wconf 89' lang='lat' dir='ltr'><strong>est</strong></span> <span class='ocrx_word' id='word_1_196' title='bbox 330 2754 453 2826; x_wconf 74' lang='lat' dir='ltr'><strong>aeterna,</strong></span> <span class='ocrx_word' id='word_1_197' title='bbox 469 2747 495 2810; x_wconf 90' lang='lat' dir='ltr'><strong>si</strong></span> <span class='ocrx_word' id='word_1_198' title='bbox 513 2746 721 2811; x_wconf 89' lang='lat' dir='ltr'><strong>consideretur</strong></span> <span class='ocrx_word' id='word_1_199' title='bbox 735 2756 771 2811; x_wconf 89' lang='lat' dir='ltr'><strong>ut</strong></span> <span class='ocrx_word' id='word_1_200' title='bbox 792 2756 839 2811; x_wconf 86' lang='lat' dir='ltr'><strong>est</strong></span> <span class='ocrx_word' id='word_1_201' title='bbox 857 2747 1014 2812; x_wconf 86' lang='lat' dir='ltr'><strong>fontaliter</strong></span> <span class='ocrx_word' id='word_1_202' title='bbox 1033 2757 1064 2812; x_wconf 92' lang='lat' dir='ltr'><strong>et</strong></span> <span class='ocrx_word' id='word_1_203' title='bbox 1083 2749 1252 2812; x_wconf 87' lang='lat' dir='ltr'><strong>eminenter</strong></span> <span class='ocrx_word' id='word_1_204' title='bbox 1267 2771 1291 2811; x_wconf 87' lang='lat' dir='ltr'><strong>c.</strong></span> <span class='ocrx_word' id='word_1_205' title='bbox 1309 2749 1370 2826; x_wconf 75' lang='lat' dir='ltr'><strong>M,</strong></span> 
     </span>
     <span class='ocr_line' id='line_1_23' title="bbox 266 2856 1370 2924; baseline 0.001 -3"><span class='ocrx_word' id='word_1_206' title='bbox 266 2857 292 2921; x_wconf 94' lang='lat' dir='ltr'><strong>si</strong></span> <span class='ocrx_word' id='word_1_207' title='bbox 307 2856 516 2921; x_wconf 90' lang='lat' dir='ltr'><strong>consideretur</strong></span> <span class='ocrx_word' id='word_1_208' title='bbox 529 2864 564 2919; x_wconf 92' lang='grc' dir='ltr'><strong>ιιι</strong></span> <span class='ocrx_word' id='word_1_209' title='bbox 580 2865 627 2920; x_wconf 81' lang='grc' dir='ltr'><strong>ιιι</strong></span> <span class='ocrx_word' id='word_1_210' title='bbox 641 2856 809 2922; x_wconf 86' lang='lat' dir='ltr'><strong>formaliter</strong></span> <span class='ocrx_word' id='word_1_211' title='bbox 823 2881 852 2922; x_wconf 84' lang='grc' dir='ltr'><strong>ιι.</strong></span> <span class='ocrx_word' id='word_1_212' title='bbox 866 2859 915 2923; x_wconf 91' lang='lat' dir='ltr'><strong>M.</strong></span> <span class='ocrx_word' id='word_1_213' title='bbox 925 2881 1004 2924; x_wconf 85' lang='lat' dir='ltr'><strong>conc.</strong></span> <span class='ocrx_word' id='word_1_214' title='bbox 1016 2861 1086 2923; x_wconf 84' lang='lat' dir='ltr'><strong>min.</strong></span> <span class='ocrx_word' id='word_1_215' title='bbox 1096 2882 1127 2924; x_wconf 90' lang='grc' dir='ltr'><strong>ιι.</strong></span> <span class='ocrx_word' id='word_1_216' title='bbox 1137 2881 1216 2924; x_wconf 81' lang='lat' dir='ltr'><strong>cona.</strong></span> <span class='ocrx_word' id='word_1_217' title='bbox 1248 2859 1370 2922; x_wconf 89' lang='lat' dir='ltr'><strong>Veritas</strong></span> 
     </span>
     <span class='ocr_line' id='line_1_24' title="bbox 265 2967 1370 3068; baseline 0.001 -36"><span class='ocrx_word' id='word_1_218' title='bbox 265 2967 442 3046; x_wconf 89' lang='lat' dir='ltr'><strong>necessaria,</strong></span> <span class='ocrx_word' id='word_1_219' title='bbox 458 2977 550 3051; x_wconf 90' lang='lat' dir='ltr'><strong>prout</strong></span> <span class='ocrx_word' id='word_1_220' title='bbox 565 2991 582 3031; x_wconf 88' lang='lat' dir='ltr'><strong>a</strong></span> <span class='ocrx_word' id='word_1_221' title='bbox 596 2967 686 3032; x_wconf 89' lang='lat' dir='ltr'><strong>nobis</strong></span> <span class='ocrx_word' id='word_1_222' title='bbox 701 2970 904 3054; x_wconf 87' lang='lat' dir='ltr'><strong>cognoscitur,</strong></span> <span class='ocrx_word' id='word_1_223' title='bbox 914 2979 962 3034; x_wconf 92' lang='lat' dir='ltr'><strong>est</strong></span> <span class='ocrx_word' id='word_1_224' title='bbox 976 2994 1072 3036; x_wconf 87' lang='lat' dir='ltr'><strong>nexus</strong></span> <span class='ocrx_word' id='word_1_225' title='bbox 1087 2971 1242 3068; x_wconf 81' lang='lat' dir='ltr'><strong>rationum</strong></span> <span class='ocrx_word' id='word_1_226' title='bbox 1257 2969 1370 3034; x_wconf 89' lang='lat' dir='ltr'><strong>intelli-</strong></span> 
     </span>
     <span class='ocr_line' id='line_1_25' title="bbox 265 3078 1369 3168; baseline 0.004 -26"><span class='ocrx_word' id='word_1_227' title='bbox 265 3079 406 3164; x_wconf 91' lang='lat' dir='ltr'><strong>gibilium</strong></span> <span class='ocrx_word' id='word_1_228' title='bbox 422 3078 652 3158; x_wconf 86' lang='lat' dir='ltr'><strong>abstractarum,</strong></span> <span class='ocrx_word' id='word_1_229' title='bbox 669 3102 736 3164; x_wconf 82' lang='lat' dir='ltr'><strong>quae</strong></span> <span class='ocrx_word' id='word_1_230' title='bbox 752 3089 825 3145; x_wconf 84' lang='lat' dir='ltr'><strong>runt</strong></span> <span class='ocrx_word' id='word_1_231' title='bbox 839 3083 968 3146; x_wconf 74' lang='lat' dir='ltr'><strong>secando</strong></span> <span class='ocrx_word' id='word_1_232' title='bbox 982 3084 1167 3162; x_wconf 80' lang='lat' dir='ltr'><strong>intentiones,</strong></span> <span class='ocrx_word' id='word_1_233' title='bbox 1183 3091 1214 3146; x_wconf 90' lang='lat' dir='ltr'><strong>et</strong></span> <span class='ocrx_word' id='word_1_234' title='bbox 1233 3105 1369 3168; x_wconf 87' lang='lat' dir='ltr'><strong>praesup·</strong></span> 
     </span>
     <span class='ocr_line' id='line_1_26' title="bbox 265 3189 1370 3277; baseline 0.004 -23"><span class='ocrx_word' id='word_1_235' title='bbox 265 3198 386 3277; x_wconf 91' lang='lat' dir='ltr'><strong>ponunt</strong></span> <span class='ocrx_word' id='word_1_236' title='bbox 400 3189 483 3255; x_wconf 90' lang='lat' dir='ltr'><strong>ideas</strong></span> <span class='ocrx_word' id='word_1_237' title='bbox 495 3213 596 3254; x_wconf 89' lang='lat' dir='ltr'><strong>rerum</strong></span> <span class='ocrx_word' id='word_1_238' title='bbox 612 3200 832 3272; x_wconf 88' lang='lat' dir='ltr'><strong>concretarum,</strong></span> <span class='ocrx_word' id='word_1_239' title='bbox 847 3195 1026 3277; x_wconf 68' lang='lat' dir='ltr'><strong>conprimere</strong></span> <span class='ocrx_word' id='word_1_240' title='bbox 1040 3196 1214 3259; x_wconf 67' lang='lat' dir='ltr'><strong>intentiores</strong></span> <span class='ocrx_word' id='word_1_241' title='bbox 1226 3219 1233 3258; x_wconf 79' lang='grc' dir='ltr'><strong>ι</strong></span> <span class='ocrx_word' id='word_1_242' title='bbox 1256 3202 1287 3258; x_wconf 88' lang='lat' dir='ltr'><strong>et</strong></span> <span class='ocrx_word' id='word_1_243' title='bbox 1302 3193 1370 3258; x_wconf 89' lang='lat' dir='ltr'><strong>ideo</strong></span> 
     </span>
     <span class='ocr_line' id='line_1_27' title="bbox 266 3301 1369 3390; baseline 0.003 -24"><span class='ocrx_word' id='word_1_244' title='bbox 266 3301 341 3366; x_wconf 86' lang='lat' dir='ltr'><strong>tales</strong></span> <span class='ocrx_word' id='word_1_245' title='bbox 355 3301 491 3366; x_wconf 88' lang='lat' dir='ltr'><strong>rationes</strong></span> <span class='ocrx_word' id='word_1_246' title='bbox 505 3323 569 3366; x_wconf 90' lang='lat' dir='ltr'><strong>non</strong></span> <span class='ocrx_word' id='word_1_247' title='bbox 589 3302 800 3387; x_wconf 89' lang='lat' dir='ltr'><strong>percipiuntur</strong></span> <span class='ocrx_word' id='word_1_248' title='bbox 814 3326 831 3367; x_wconf 91' lang='lat' dir='ltr'><strong>a</strong></span> <span class='ocrx_word' id='word_1_249' title='bbox 853 3303 952 3384; x_wconf 90' lang='lat' dir='ltr'><strong>nobis,</strong></span> <span class='ocrx_word' id='word_1_250' title='bbox 967 3304 1028 3368; x_wconf 91' lang='lat' dir='ltr'><strong>nisi</strong></span> <span class='ocrx_word' id='word_1_251' title='bbox 1042 3313 1111 3390; x_wconf 91' lang='lat' dir='ltr'><strong>post</strong></span> <span class='ocrx_word' id='word_1_252' title='bbox 1126 3304 1277 3369; x_wconf 83' lang='lat' dir='ltr'><strong>realitates</strong></span> <span class='ocrx_word' id='word_1_253' title='bbox 1291 3306 1369 3385; x_wconf 89' lang='lat' dir='ltr'><strong>illas,</strong></span> 
     </span>
     <span class='ocr_line' id='line_1_28' title="bbox 266 3412 1368 3501; baseline 0.005 -26"><span class='ocrx_word' id='word_1_254' title='bbox 266 3412 412 3498; x_wconf 87' lang='lat' dir='ltr'><strong>aquibus</strong></span> <span class='ocrx_word' id='word_1_255' title='bbox 431 3413 661 3478; x_wconf 84' lang='lat' dir='ltr'><strong>abstrahuntur.</strong></span> <span class='ocrx_word' id='word_1_256' title='bbox 707 3415 813 3478; x_wconf 83' lang='lat' dir='ltr'><strong>Nexnr</strong></span> <span class='ocrx_word' id='word_1_257' title='bbox 833 3423 936 3480; x_wconf 89' lang='lat' dir='ltr'><strong>autem</strong></span> <span class='ocrx_word' id='word_1_258' title='bbox 950 3416 1106 3480; x_wconf 89' lang='lat' dir='ltr'><strong>rationum</strong></span> <span class='ocrx_word' id='word_1_259' title='bbox 1128 3416 1368 3501; x_wconf 85' lang='lat' dir='ltr'><strong>intelligibilium</strong></span> 
     </span>
     <span class='ocr_line' id='line_1_29' title="bbox 265 3523 1369 3613; baseline 0.004 -25"><span class='ocrx_word' id='word_1_260' title='bbox 265 3533 312 3589; x_wconf 90' lang='lat' dir='ltr'><strong>est</strong></span> <span class='ocrx_word' id='word_1_261' title='bbox 320 3523 489 3589; x_wconf 84' lang='lat' dir='ltr'><strong>formaliter</strong></span> <span class='ocrx_word' id='word_1_262' title='bbox 503 3523 536 3588; x_wconf 93' lang='lat' dir='ltr'><strong>in</strong></span> <span class='ocrx_word' id='word_1_263' title='bbox 550 3524 625 3609; x_wconf 84' lang='lat' dir='ltr'><strong>ipsis</strong></span> <span class='ocrx_word' id='word_1_264' title='bbox 639 3525 819 3604; x_wconf 88' lang='lat' dir='ltr'><strong>rationibus,</strong></span> <span class='ocrx_word' id='word_1_265' title='bbox 832 3549 907 3610; x_wconf 90' lang='lat' dir='ltr'><strong>quas</strong></span> <span class='ocrx_word' id='word_1_266' title='bbox 921 3527 1132 3613; x_wconf 86' lang='lat' dir='ltr'><strong>intelligimus,</strong></span> <span class='ocrx_word' id='word_1_267' title='bbox 1145 3536 1176 3592; x_wconf 94' lang='lat' dir='ltr'><strong>et</strong></span> <span class='ocrx_word' id='word_1_268' title='bbox 1189 3538 1280 3612; x_wconf 89' lang='lat' dir='ltr'><strong>prout</strong></span> <span class='ocrx_word' id='word_1_269' title='bbox 1296 3537 1369 3592; x_wconf 91' lang='lat' dir='ltr'><strong>sunt</strong></span> 
     </span>
     <span class='ocr_line' id='line_1_30' title="bbox 265 3635 1368 3723; baseline 0.005 -24"><span class='ocrx_word' id='word_1_270' title='bbox 265 3635 299 3700; x_wconf 91' lang='lat' dir='ltr'><strong>in</strong></span> <span class='ocrx_word' id='word_1_271' title='bbox 320 3635 498 3713; x_wconf 78' lang='lat' dir='ltr'><strong>intellectu3</strong></span> <span class='ocrx_word' id='word_1_272' title='bbox 529 3656 601 3699; x_wconf 92' lang='lat' dir='ltr'><strong>nam</strong></span> <span class='ocrx_word' id='word_1_273' title='bbox 625 3636 758 3700; x_wconf 89' lang='lat' dir='ltr'><strong>rationes</strong></span> <span class='ocrx_word' id='word_1_274' title='bbox 780 3637 840 3700; x_wconf 84' lang='lat' dir='ltr'><strong>illae</strong></span> <span class='ocrx_word' id='word_1_275' title='bbox 858 3637 1067 3723; x_wconf 84' lang='lat' dir='ltr'><strong>intelligibiles</strong></span> <span class='ocrx_word' id='word_1_276' title='bbox 1091 3647 1164 3703; x_wconf 84' lang='lat' dir='ltr'><strong>sunt</strong></span> <span class='ocrx_word' id='word_1_277' title='bbox 1186 3639 1368 3704; x_wconf 86' lang='lat' dir='ltr'><strong>fundamen·</strong></span> 
     </span>
     <span class='ocr_line' id='line_1_31' title="bbox 265 3746 1369 3827; baseline 0.005 -16"><span class='ocrx_word' id='word_1_278' title='bbox 265 3746 368 3811; x_wconf 88' lang='lat' dir='ltr'><strong>taliter</strong></span> <span class='ocrx_word' id='word_1_279' title='bbox 390 3755 513 3811; x_wconf 86' lang='lat' dir='ltr'><strong>tantum</strong></span> <span class='ocrx_word' id='word_1_280' title='bbox 535 3746 569 3810; x_wconf 93' lang='lat' dir='ltr'><strong>in</strong></span> <span class='ocrx_word' id='word_1_281' title='bbox 586 3746 677 3811; x_wconf 90' lang='lat' dir='ltr'><strong>rebus</strong></span> <span class='ocrx_word' id='word_1_282' title='bbox 699 3747 871 3827; x_wconf 87' lang='lat' dir='ltr'><strong>intellectis,</strong></span> <span class='ocrx_word' id='word_1_283' title='bbox 886 3749 1054 3815; x_wconf 85' lang='lat' dir='ltr'><strong>formaliter</strong></span> <span class='ocrx_word' id='word_1_284' title='bbox 1069 3751 1186 3814; x_wconf 89' lang='lat' dir='ltr'><strong>veroin</strong></span> <span class='ocrx_word' id='word_1_285' title='bbox 1201 3751 1369 3816; x_wconf 89' lang='lat' dir='ltr'><strong>intellectu.</strong></span> 
     </span>
     <span class='ocr_line' id='line_1_32' title="bbox 267 3857 1369 3942; baseline 0.004 -19"><span class='ocrx_word' id='word_1_286' title='bbox 267 3857 373 3935; x_wconf 84' lang='lat' dir='ltr'><strong>Quum</strong></span> <span class='ocrx_word' id='word_1_287' title='bbox 388 3858 483 3942; x_wconf 90' lang='lat' dir='ltr'><strong>igitur</strong></span> <span class='ocrx_word' id='word_1_288' title='bbox 497 3878 553 3921; x_wconf 90' lang='lat' dir='ltr'><strong>nec</strong></span> <span class='ocrx_word' id='word_1_289' title='bbox 568 3880 616 3922; x_wconf 91' lang='lat' dir='ltr'><strong>res</strong></span> <span class='ocrx_word' id='word_1_290' title='bbox 631 3858 691 3922; x_wconf 84' lang='lat' dir='ltr'><strong>illae</strong></span> <span class='ocrx_word' id='word_1_291' title='bbox 706 3859 877 3938; x_wconf 84' lang='lat' dir='ltr'><strong>intellectae,</strong></span> <span class='ocrx_word' id='word_1_292' title='bbox 889 3883 945 3925; x_wconf 89' lang='lat' dir='ltr'><strong>nec</strong></span> <span class='ocrx_word' id='word_1_293' title='bbox 960 3861 1132 3927; x_wconf 90' lang='lat' dir='ltr'><strong>intellectus</strong></span> <span class='ocrx_word' id='word_1_294' title='bbox 1147 3869 1259 3942; x_wconf 84' lang='lat' dir='ltr'><strong>noster,</strong></span> <span class='ocrx_word' id='word_1_295' title='bbox 1276 3863 1316 3927; x_wconf 90' lang='lat' dir='ltr'><strong>sit</strong></span> <span class='ocrx_word' id='word_1_296' title='bbox 1330 3863 1369 3927; x_wconf 86' lang='lat' dir='ltr'><strong>ab</strong></span> 
     </span>
     <span class='ocr_line' id='line_1_33' title="bbox 265 3969 1369 4060; baseline 0.004 -26"><span class='ocrx_word' id='word_1_297' title='bbox 265 3978 388 4048; x_wconf 78' lang='lat' dir='ltr'><strong>aeterno,</strong></span> <span class='ocrx_word' id='word_1_298' title='bbox 404 3969 514 4034; x_wconf 84' lang='lat' dir='ltr'><strong>veritas</strong></span> <span class='ocrx_word' id='word_1_299' title='bbox 529 3969 706 4049; x_wconf 87' lang='lat' dir='ltr'><strong>necessaria,</strong></span> <span class='ocrx_word' id='word_1_300' title='bbox 723 3991 815 4054; x_wconf 91' lang='lat' dir='ltr'><strong>quam</strong></span> <span class='ocrx_word' id='word_1_301' title='bbox 838 3969 1049 4056; x_wconf 89' lang='lat' dir='ltr'><strong>intelligimus,</strong></span> <span class='ocrx_word' id='word_1_302' title='bbox 1064 3973 1232 4038; x_wconf 79' lang='lat' dir='ltr'><strong>formaliter</strong></span> <span class='ocrx_word' id='word_1_303' title='bbox 1246 3982 1369 4060; x_wconf 89' lang='lat' dir='ltr'><strong>sumpta</strong></span> 
     </span>
     <span class='ocr_line' id='line_1_34' title="bbox 264 4079 1368 4169; baseline 0.004 -24"><span class='ocrx_word' id='word_1_304' title='bbox 264 4088 393 4146; x_wconf 88' lang='lat' dir='ltr'><strong>nonest</strong></span> <span class='ocrx_word' id='word_1_305' title='bbox 416 4088 538 4144; x_wconf 84' lang='lat' dir='ltr'><strong>aetema.</strong></span> <span class='ocrx_word' id='word_1_306' title='bbox 584 4079 666 4157; x_wconf 84' lang='lat' dir='ltr'><strong>Quia</strong></span> <span class='ocrx_word' id='word_1_307' title='bbox 687 4089 791 4145; x_wconf 88' lang='lat' dir='ltr'><strong>tamen</strong></span> <span class='ocrx_word' id='word_1_308' title='bbox 815 4080 902 4161; x_wconf 86' lang='lat' dir='ltr'><strong>illud,</strong></span> <span class='ocrx_word' id='word_1_309' title='bbox 919 4083 1002 4167; x_wconf 91' lang='lat' dir='ltr'><strong>quod</strong></span> <span class='ocrx_word' id='word_1_310' title='bbox 1024 4107 1107 4149; x_wconf 92' lang='lat' dir='ltr'><strong>nunc</strong></span> <span class='ocrx_word' id='word_1_311' title='bbox 1127 4083 1311 4169; x_wconf 89' lang='lat' dir='ltr'><strong>intelligitur</strong></span> <span class='ocrx_word' id='word_1_312' title='bbox 1333 4093 1368 4151; x_wconf 94' lang='lat' dir='ltr'><strong>ut</strong></span> 
     </span>
     <span class='ocr_line' id='line_1_35' title="bbox 263 4191 1367 4280; baseline 0.004 -23"><span class='ocrx_word' id='word_1_313' title='bbox 263 4191 433 4274; x_wconf 87' lang='lat' dir='ltr'><strong>necessario</strong></span> <span class='ocrx_word' id='word_1_314' title='bbox 461 4213 579 4271; x_wconf 87' lang='lat' dir='ltr'><strong>verum,</strong></span> <span class='ocrx_word' id='word_1_315' title='bbox 608 4197 778 4277; x_wconf 82' lang='lat' dir='ltr'><strong>numquam</strong></span> <span class='ocrx_word' id='word_1_316' title='bbox 808 4193 910 4277; x_wconf 91' lang='lat' dir='ltr'><strong>potuit</strong></span> <span class='ocrx_word' id='word_1_317' title='bbox 938 4193 1070 4280; x_wconf 91' lang='lat' dir='ltr'><strong>intelligi</strong></span> <span class='ocrx_word' id='word_1_318' title='bbox 1098 4206 1134 4260; x_wconf 95' lang='lat' dir='ltr'><strong>ut</strong></span> <span class='ocrx_word' id='word_1_319' title='bbox 1163 4219 1226 4262; x_wconf 90' lang='lat' dir='ltr'><strong>non</strong></span> <span class='ocrx_word' id='word_1_320' title='bbox 1252 4219 1367 4278; x_wconf 87' lang='lat' dir='ltr'><strong>verum,</strong></span> 
     </span>
     <span class='ocr_line' id='line_1_36' title="bbox 265 4303 1366 4392; baseline 0.005 -24"><span class='ocrx_word' id='word_1_321' title='bbox 265 4304 406 4368; x_wconf 84' lang='lat' dir='ltr'><strong>dixerunt</strong></span> <span class='ocrx_word' id='word_1_322' title='bbox 429 4303 533 4388; x_wconf 89' lang='lat' dir='ltr'><strong>aliqui,</strong></span> <span class='ocrx_word' id='word_1_323' title='bbox 548 4303 689 4368; x_wconf 79' lang='lat' dir='ltr'><strong>veritates</strong></span> <span class='ocrx_word' id='word_1_324' title='bbox 715 4304 896 4369; x_wconf 83' lang='lat' dir='ltr'><strong>necessarias</strong></span> <span class='ocrx_word' id='word_1_325' title='bbox 920 4317 987 4370; x_wconf 86' lang='lat' dir='ltr'><strong>esse</strong></span> <span class='ocrx_word' id='word_1_326' title='bbox 1011 4310 1143 4392; x_wconf 74' lang='lat' dir='ltr'><strong>negative</strong></span> <span class='ocrx_word' id='word_1_327' title='bbox 1165 4319 1312 4373; x_wconf 85' lang='lat' dir='ltr'><strong>aeternas:</strong></span> <span class='ocrx_word' id='word_1_328' title='bbox 1336 4319 1366 4373; x_wconf 94' lang='lat' dir='ltr'><strong>et</strong></span> 
     </span>
    </p>
   </div>
   <div class='ocr_carea' id='block_1_3' title="bbox 0 0 1610 4986">
    <p class='ocr_par' dir='ltr' id='par_1_7' title="bbox 0 0 1610 4986">
     <span class='ocr_line' id='line_1_37' title="bbox 0 0 1610 4986; baseline 0 0"><span class='ocrx_word' id='word_1_329' title='bbox 0 0 1610 4986; x_wconf 95' lang='lat' dir='ltr'><strong> </strong></span> 
     </span>
    </p>
   </div>
  </div>
 </body>
</html>
