3222 4984
243 378 314 423 car.
333 360 403 445 rm]
556 385 598 429 un
616 385 762 431 tertona
779 389 836 432 ιιι
853 389 892 432 ιιι
908 388 1039 433 munuc.
1286 374 1346 435 181

239 544 359 611 ducunt
384 547 424 612 ad
454 549 546 614 finem
573 552 758 636 generalem,
775 554 931 620 evidenter
951 555 1156 622 intenduntur
1182 557 1291 636 aDeo,
1315 565 1346 622 et

239 656 354 721 cadunt
370 658 426 723 sub
442 659 607 726 directione
616 662 725 728 divinae
735 665 943 749 providentiae.
974 666 1035 731 Sed
1045 668 1122 731 fines
1132 667 1338 752 particulares,

241 768 295 852 qui
325 769 503 854 simpliciter
534 783 607 838 suut
640 776 862 860 proportionati
899 776 990 841 rebus
1016 777 1260 863 particularibus,
1280 801 1342 842 uon

240 879 445 946 intenduntur
459 907 477 947 a
491 883 569 964 Deo,
583 886 644 950 nisi
660 887 721 951 sint
737 887 828 952 simul
846 910 916 972 pars
937 889 983 952 vel
1004 889 1139 954 medium
1158 890 1229 953 finis
1251 912 1344 973 gene·

238 990 321 1054 ralis.
366 992 413 1056 Ex
434 1013 496 1079 quo
519 997 667 1080 sequitur,
683 1020 772 1084 posse
793 1022 841 1090 res
863 1000 1060 1085 particulares
1081 1001 1125 1065 ita
1146 1001 1343 1080 ordinarint

239 1101 316 1166 fines
337 1105 486 1188 quosdam
508 1107 567 1172 sibi
589 1108 766 1193 simpliciter
780 1113 1026 1196 proportionatos
1047 1136 1111 1177 non
1132 1120 1342 1199 assequantur.

242 1212 291 1277 Sic
307 1215 413 1280 messis
428 1225 459 1281 et
473 1219 626 1283 vindemia
640 1229 687 1284 est
703 1221 741 1285 de
756 1245 788 1286 se
798 1224 1026 1309 proportionata
1041 1225 1079 1289 ad
1094 1224 1228 1290 hominis
1243 1223 1342 1288 nutri-

240 1322 375 1403 tionem,
398 1335 429 1390 et
444 1336 546 1392 tamen
561 1352 625 1394 non
640 1342 686 1395 est
701 1340 807 1396 contra
817 1333 1040 1417 providentiam
1055 1335 1199 1414 divinam,
1210 1335 1236 1398 si
1251 1356 1341 1418 gran·

240 1434 322 1514 dine,
338 1437 420 1522 igne,
435 1439 539 1523 pluvia
561 1440 751 1507 destnmtur:
775 1445 914 1510 similiter
934 1446 1026 1511 homo
1042 1469 1135 1511 sanus
1150 1445 1242 1510 habet
1257 1445 1295 1508 de
1310 1467 1343 1508 se

240 1542 467 1632 proportionem
483 1550 523 1615 ad
536 1550 660 1636 longam
676 1553 789 1618 vitam:
812 1577 875 1619 non
890 1566 993 1621 tamen
1008 1565 1161 1642 repugnat
1180 1555 1340 1641 providen-

239 1659 290 1722 tiae
305 1682 376 1723 eum
392 1659 498 1726 cadere
512 1673 638 1748 repente
651 1672 682 1729 et
699 1666 794 1730 mori:
818 1675 849 1730 et
865 1667 987 1752 quaudo
1002 1667 1067 1732 haeo
1082 1677 1135 1732 aut
1147 1667 1258 1731 similia
1268 1687 1340 1731 con-

238 1771 375 1856 tingunt,
392 1774 496 1839 statim
511 1785 646 1861 apparet,
662 1776 738 1840 fines
752 1777 821 1842 illos
835 1779 1042 1863 particulares,
1063 1779 1176 1864 quibus
1195 1787 1342 1844 creaturae

239 1882 437 1964 frustrantur,
452 1907 515 1950 non
530 1886 625 1952 firisse
639 1888 672 1951 in
688 1889 763 1954 serie
778 1890 887 1954 finium
903 1913 921 1954 a
934 1889 1002 1955 Deo
1020 1890 1180 1954 efficaciter
1201 1898 1232 1954 et
1252 1889 1340 1954 abso·

239 1994 304 2059 lute
325 1995 524 2061 intentorum.
570 1997 675 2074 Quum
698 2001 780 2064 enim
801 2000 904 2066 eadem
927 2025 974 2065 res
995 2001 1135 2086 'pluribus
1154 2001 1253 2066 modis
1269 2023 1340 2086 pos·

240 2106 280 2170 sit
302 2106 435 2171 divinam
458 2108 587 2192 gloriam
596 2110 806 2190 manifestare,
822 2121 852 2176 et
867 2112 953 2176 Deus
970 2134 1142 2176 mensuram
1158 2112 1263 2196 gloria
1278 2135 1340 2176 suae

240 2219 414 2284 extrinsecae
436 2223 524 2285 libere
548 2223 804 2303 determinaverit,
820 2246 882 2288 non
900 2232 947 2288 est
964 2245 1095 2305 necesse,
1112 2231 1147 2287 ut
1167 2223 1278 2301 omnia,
1302 2222 1340 2287 ad

241 2352 308 2414 quaa
323 2340 467 2396 creaturae
481 2334 709 2419 proportionem
724 2333 850 2414 habent,
867 2333 905 2398 de
918 2333 999 2398 facto
1015 2332 1222 2411 obtineantur,
1238 2332 1293 2397 sed
1306 2355 1342 2396 ea

240 2441 313 2520 sola,
329 2466 397 2527 quae
418 2466 488 2509 cum
511 2445 615 2509 divina
636 2445 828 2510 ordinatione
850 2453 1084 2509 connectuntur.
1130 2444 1210 2507 Sunt
1236 2451 1339 2508 autem

239 2554 316 2617 fines
345 2554 439 2639 aliqui
463 2556 671 2641 particulares,
697 2579 775 2642 quos
800 2557 887 2621 Deus
916 2557 1113 2621 conditionate
1137 2554 1281 2634 intendit,
1304 2563 1340 2618 ut

239 2664 397 2730 beatitudo
412 2666 545 2731 hominis
560 2667 774 2732 determinati:
798 2667 832 2730 hi
846 2669 932 2746 fines,
949 2675 984 2730 ut
1006 2667 1068 2730 iam
1089 2665 1275 2744 notavimus,
1297 2664 1340 2729 ita

115 2850 120 2858 ,
239 2775 376 2860 pendent
397 2799 416 2840 a
438 2777 540 2842 divina
562 2778 762 2862 providentia,
785 2787 821 2842 ut
845 2778 1010 2842 humanam
1033 2774 1255 2861 providentiam
1276 2796 1341 2838 non

239 2887 421 2954 excludant:
444 2898 475 2953 et
489 2889 557 2953 ideo
572 2889 690 2953 etiamsi
705 2889 797 2953 homo
819 2889 970 2973 dirigatur
991 2886 1031 2951 ed
1052 2884 1270 2950 beatitudinem
1286 2906 1341 2968 per

239 2998 374 3063 divinam
396 2999 661 3084 gubernationem,
679 3007 781 3085 potest
804 3021 859 3084 per
877 2996 1130 3081 gubernationem
1150 2994 1303 3081 propriam
1321 3017 1339 3060 a

152 3137 155 3144 ·
240 3111 430 3175 beatitudine
445 3111 591 3176 deficere:
615 3111 653 3175 de
666 3133 727 3196 qua
741 3133 774 3177 re
788 3110 868 3175 infra
881 3108 981 3173 fusius
994 3107 1164 3192 loquemur.

283 3225 337 3287 38.
361 3221 517 3298 Quaeritur
538 3221 657 3306 quinto,
680 3230 780 3287 utrum
801 3221 966 3285 immediate
985 3220 1067 3284 Deus
1089 3219 1219 3282 omnibm
1235 3219 1339 3300 proci·

238 3336 316 3398 dect.

217 3531 220 3535 .
284 3447 465 3532 Respondao
490 3447 590 3533 primo
610 3469 680 3512 cum
701 3447 732 3511 S.
749 3447 867 3511 'l'homa
887 3447 930 3530 (p.
960 3449 986 3510 l.
1010 3468 1041 3531 q.
1057 3449 1110 3511 22.
1127 3468 1155 3509 a.
1170 3445 1203 3528 3)
1230 3443 1338 3509 distin·

240 3556 363 3640 guendo
388 3558 537 3622 rationem
561 3558 678 3623 ordinis
702 3557 902 3642 providentiae
925 3556 963 3621 ab
989 3557 1166 3622 executione
1191 3555 1338 3620 eiusdem.

243 3671 391 3743 Quantum
416 3671 457 3732 cd
472 3672 615 3753 primum,
632 3671 716 3733 Deua
735 3670 901 3733 immediate
926 3670 1056 3732 ommibus
1073 3667 1219 3752 providet,
1235 3668 1286 3749 qui
1307 3667 1340 3728 im

238 3803 291 3845 auo
306 3781 453 3845 intellectu
468 3783 554 3846 laudet
568 3784 711 3846 rationem
725 3783 851 3845 omnium
870 3783 959 3844 etiam
977 3781 1183 3843 minimorum:
1207 3786 1236 3842 et
1251 3800 1338 3862 quae-

239 3916 359 3977 cumque
373 3916 477 3958 caueae
489 3895 638 3978 aliquibus
653 3895 803 3978 effectibus
819 3891 964 3976 prefecit,
980 3890 1059 3955 dedit
1079 3892 1121 3954 eia
1142 3892 1279 3953 virtutem
1300 3889 1342 3952 cd

239 4005 307 4068 illos
320 4006 440 4089 effectus
456 4005 669 4088 producendos.
728 4005 810 4069 Unde
834 4011 949 4088 oportet
971 4002 1050 4085 quod
1070 4002 1199 4065 ordinem
1223 4000 1340 4064 illorum

239 4118 393 4201 effectuum
407 4119 440 4180 im
453 4109 508 4180 aaa
521 4119 637 4180 ratione
655 4116 867 4199 praetcbcerit.
914 4115 1062 4187 Qrccntcm
1077 4119 1173 4176 cutem
1186 4110 1228 4173 cd
1238 4133 1340 4174 aecum-

239 4228 317 4304 dcm,
332 4235 401 4291 aaut
416 4227 517 4310 aliqua
542 4227 637 4290 medic
652 4227 755 4290 divine
768 4225 960 4310 providentie
967 4248 977 4302 3
1001 4225 1070 4306 quic
1085 4222 1226 4307 inferiora
1233 4224 1339 4307 puber·

240 4347 292 4402 act
312 4361 370 4422 per
391 4339 555 4422 superiora,
571 4361 629 4402 noa
648 4347 774 4422 propter
789 4336 931 4420 defectum
945 4355 1004 4399 arcoe
1017 4335 1145 4415 virtutis,
1159 4334 1342 4417 sedprcpter
