3240 4986
270 395 352 441 vcnr.
370 377 412 463 c]
750 401 793 446 na
810 399 941 448 uouno.
1343 379 1387 444 85

279 583 312 627 se
327 561 385 628 sub
401 561 527 629 diversis
540 564 714 650 aspectibus
728 567 953 634 manifestantis
967 589 986 632 a
999 573 1065 632 tota
1078 565 1267 633 eternitate:
1288 571 1322 630 et
1334 563 1384 629 bae

274 674 480 759 apparitiones
504 685 577 741 sunt
600 677 729 743 totidem
748 676 858 744 'formae
878 679 975 766 ipsius
998 678 1154 745 Absoluti.
1198 677 1381 742 Manifesta·

277 787 377 852 tiones
390 787 439 852 bae
452 788 533 853 liunt
547 811 602 874 per
616 789 675 854 hoc
688 791 772 876 quod
783 791 916 876 oppositi
926 800 1081 877 respectus
1091 784 1235 857 Absoluti
1245 789 1378 855 diversos

274 898 415 964 entitatis
429 899 544 984 gradus
557 899 740 966 exhibeant:
762 924 856 988 quare
870 893 919 968 bae
933 902 1136 989 apparitiones
1156 910 1229 967 sunt
1248 900 1377 966 totidem

273 1009 480 1095 expressiones
494 1010 676 1077 identitatis.
706 1013 893 1078 Absolutum
907 1013 1011 1100 itaque
1025 1013 1147 1078 exbibet
1161 1034 1195 1077 se
1209 1011 1268 1077 sub
1281 1032 1376 1096 oppo-

272 1122 339 1186 sitis
368 1121 549 1203 rationibus,
572 1146 641 1209 quae
669 1124 703 1188 in
732 1124 800 1210 ipso
821 1124 974 1190 Absoluto
1002 1124 1242 1190 identifieantur.
1285 1123 1377 1186 quta

274 1233 441 1318 Schelling,
451 1235 484 1299 in
499 1234 728 1317 bocAbsoluto,
740 1258 806 1301 esse
821 1243 852 1301 et
867 1258 1049 1321 cognoscere
1061 1244 1134 1300 sunt
1148 1257 1210 1299 una
1225 1242 1257 1299 et
1267 1234 1374 1299 eadem

270 1368 328 1423 res,
339 1346 393 1410 sed
405 1346 431 1410 si
442 1355 586 1432 appareat
601 1348 770 1413 seeundum
785 1371 860 1428 esse,
873 1349 1023 1434 apparitio
1037 1346 1095 1413 erit
1109 1346 1225 1412 ordinis
1239 1345 1328 1410 realis
1342 1354 1374 1410 et

267 1460 429 1538 adieetici,
448 1459 473 1523 si
491 1482 561 1524 vero
579 1468 722 1546 appareat
742 1460 910 1525 secundom
930 1482 1122 1546 cognoscere,
1144 1458 1293 1545 apparitio
1314 1458 1372 1521 erit

270 1570 386 1634 ordinis
401 1572 505 1636 idealis
518 1579 549 1635 et
565 1573 708 1637 obiectioi.
742 1571 817 1637 Haec
832 1571 988 1637 distinctio
1004 1571 1120 1636 ordinis
1133 1570 1240 1636 idealis
1254 1592 1273 1636 a
1287 1569 1371 1648 reali,

270 1687 300 1744 et
320 1678 431 1745 obiecti
453 1703 471 1745 a
489 1680 626 1746 subiecto
642 1704 706 1746 non
725 1691 773 1746 est
790 1682 906 1768 aliquid
920 1683 954 1747 in
968 1682 1037 1768 ipso
1050 1681 1211 1761 Absolute,
1226 1679 1310 1766 quod
1324 1688 1372 1744 est

270 1791 402 1875 perfecte
422 1813 531 1870 unum,
547 1793 601 1857 scd
623 1791 725 1858 locum
746 1792 839 1858 babet
861 1794 961 1858 solum
983 1794 1016 1858 in
1038 1793 1105 1858 eius
1118 1790 1372 1878 apparitionibus,

269 1901 301 1965 in
316 1902 429 1987 quibus
442 1911 612 1988 propterea,
628 1913 753 1989 propter
767 1927 839 1971 suos
860 1906 1015 1990 oppositos
1033 1913 1184 1991 aspectus,
1199 1926 1232 1968 se
1249 1902 1371 1967 exbibet

269 2021 305 2077 ut
328 2013 463 2080 finitum.
508 2014 614 2092 Quum
640 2016 772 2102 denique
795 2019 836 2082 sit
862 2018 900 2083 de
921 2017 1101 2082 necessitate
1120 2016 1214 2081 buius
1226 2014 1372 2081 Absoluti

269 2126 405 2210 seipsum
427 2127 613 2191 constituere
634 2126 692 2192 sub
715 2128 840 2193 diversis
862 2129 1034 2215 aspectibus
1056 2137 1087 2193 et
1109 2150 1142 2193 se
1164 2149 1283 2212 semper
1301 2139 1372 2211 pers

268 2239 378 2304 lectius
392 2240 597 2321 manifestare,
613 2241 762 2326 sequitur,
777 2241 929 2308 mundum
944 2243 983 2308 ad
1000 2241 1191 2307 indefinitam
1210 2241 1371 2327 perfectio·

269 2371 340 2414 nem
365 2359 396 2415 et
422 2373 618 2436 progressum
647 2353 782 2432 tendere,
808 2354 904 2419 donec
932 2354 1082 2419 habeatur
1109 2353 1200 2438 plena
1222 2351 1370 2416 Absoluti

270 2463 506 2546 representatio,
518 2485 573 2547 per
587 2487 678 2550 quam
691 2465 825 2551 Deusuex
832 2466 981 2551 implicito
989 2466 1043 2530 fiat
1055 2464 1188 2530 totaliter
1199 2463 1369 2548 explicitus.

313 2577 363 2639 17.
389 2573 449 2639 His
478 2597 541 2639 non
570 2576 630 2640 fuit
660 2585 824 2642 contentus
851 2577 962 2662 Hegel,
988 2577 1043 2662 qni
1070 2576 1286 2661 expressiones,
1314 2596 1368 2639 seu

165 2743 168 2749 .
267 2686 400 2752 diversos
415 2695 555 2774 aspectm
569 2687 713 2754 Absoluti
728 2689 941 2775 schellingiani
957 2690 996 2755 ad
1019 2689 1168 2754 unitatem
1190 2687 1320 2765 reduxit,
1336 2694 1367 2751 et

266 2820 335 2864 cum
350 2799 418 2885 ipso
431 2799 584 2865 Absolute
602 2802 769 2867 unificavit.
814 2802 907 2880 Quod
926 2810 963 2867 ut
981 2801 1165 2880 ostenderet,
1181 2799 1319 2879 asseruit,
1333 2797 1367 2864 in

265 2909 408 2974 omnibus
421 2909 621 2976 relationibus
636 2913 698 2978 sive
712 2913 794 2978 inter
808 2913 870 2979 duo
884 2913 1011 2994 obiecta,
1023 2913 1086 2978 sive
1100 2913 1182 2977 inter
1195 2909 1367 2976 subiectum

265 3028 297 3085 et
312 3019 477 3100 obiectum,
493 3021 588 3086 solam
602 3023 782 3088 relationem
804 3025 909 3109 (quam
923 3026 1025 3089 [dcam
1039 3023 1138 3106 vocat)
1155 3027 1221 3087 esse
1234 3021 1366 3086 realemr

265 3135 411 3199 terminos
433 3143 535 3200 autem
558 3135 750 3201 correlativos
772 3158 835 3200 non
857 3136 969 3201 babere
989 3136 1158 3202 realitatem
1176 3135 1238 3199 nisi
1252 3133 1285 3198 in
1300 3133 1367 3218 ipsa

263 3246 410 3311 relatione
432 3268 487 3310 seu
508 3245 585 3312 idea.
641 3246 838 3333 Quapropter
859 3248 892 3312 in
914 3247 1058 3313 omnibus
1078 3246 1223 3312 Absoluti
1245 3268 1366 3330 expres·

263 3357 402 3422 sionibus
421 3379 480 3422 neo
499 3358 589 3448 quod
601 3359 783 3443 exprimitur
804 3367 852 3424 est
870 3359 985 3443 aliquid
1006 3382 1062 3445 per
1081 3381 1122 3438 se,
1139 3380 1195 3423 nec
1214 3357 1297 3443 quod
1314 3379 1365 3421 ex·

263 3470 378 3554 primit,
394 3468 448 3534 sed
472 3478 595 3535 tantum
620 3472 689 3556 ipsa
708 3471 771 3535 sola
793 3470 944 3556 expressio
967 3493 1021 3535 seu
1039 3469 1116 3536 idea.
1161 3470 1203 3533 Et
1223 3469 1295 3554 quia
1314 3490 1365 3532 ex-

262 3583 431 3667 pressiones
445 3581 623 3647 buiusmodi
639 3590 712 3647 sunt
727 3605 847 3667 semper
861 3585 892 3646 ic
900 3583 981 3667 fieri,
993 3581 1084 3647 etiam
1097 3581 1171 3646 Idea
1185 3589 1232 3645 est
1246 3601 1366 3664 semper

147 3777 151 3781 ι
261 3693 389 3758 infieri:
413 3701 444 3757 ct
460 3693 522 3758 sola
532 3693 653 3758 realitas
664 3701 710 3758 est
721 3694 822 3778 ipsum
830 3693 913 3778 fieri,
923 3694 955 3758 in
968 3717 1029 3779 quc
1037 3693 1111 3777 fieri
1120 3715 1175 3757 ens
1185 3701 1216 3757 et
1232 3690 1364 3755 nihilum

262 3812 335 3869 sunt
357 3826 455 3869 unum
478 3813 508 3868 et
531 3805 623 3870 idem.
666 3804 732 3870 Ena
754 3804 849 3890 igitur
871 3812 902 3869 et
924 3804 1056 3872 nihilum
1078 3828 1096 3870 a
1117 3812 1203 3888 parte
1224 3803 1269 3867 rei
1291 3810 1364 3866 sunt

261 3935 358 3979 unum
373 3923 404 3980 et
418 3914 511 3993 idem,
526 3937 637 4000 nempe
651 3916 835 4001 principium
854 3918 1011 3980 omnium:
1034 3924 1065 3980 et
1085 3937 1191 3979 corum
1213 3935 1362 3998 apparens

260 4026 411 4111 oppositio
433 4026 569 4111 procedit
591 4035 713 4091 tantum
736 4027 774 4091 ab
797 4028 999 4092 abstractione
1021 4026 1184 4112 praecisiva,
1207 4048 1269 4110 qua
1289 4046 1362 4089 con·
1418 4036 1421 4041 '

259 4138 369 4222 cipitur
377 4137 450 4222 fieri
463 4147 620 4224 tamquam
635 4161 701 4203 esse
716 4148 747 4203 et
761 4161 824 4203 non
839 4161 915 4218 esse,
931 4139 1003 4224 quia
1017 4136 1101 4224 quod
1122 4138 1158 4201 fit
1180 4146 1227 4201 eet
1247 4145 1278 4201 et
1298 4158 1361 4200 non

258 4259 313 4314 est.
359 4249 471 4316 Omnis
494 4273 567 4335 ergo
591 4250 712 4315 realitas
735 4259 783 4316 est
802 4251 885 4336 fieri,
910 4273 1021 4336 nempe
1040 4252 1189 4335 processio
1214 4250 1284 4313 ideae
1307 4271 1362 4334 per

258 4361 396 4446 quaedam
412 4371 577 4441 momenta,
592 4371 623 4426 et
638 4364 704 4426 eius
717 4361 850 4428 evolutio
868 4363 899 4426 in
918 4361 1002 4432 ideas
1021 4361 1187 4445 generales,
1204 4383 1259 4425 seu
1278 4361 1361 4425 entia
1453 4351 1455 4354 ¹
