3240 4986
230 415 300 459 oar.
318 394 374 477 ra]
689 417 733 460 nr
749 416 880 462 nunno.

681 680 821 747 CAPUT
843 682 888 748 11.

591 870 642 930 ΒΕ
659 874 823 930 ORIGINE
840 874 975 930 MUNDI.

275 1019 329 1082 26.
352 1017 399 1081 llx
412 1016 596 1083 refutatione
611 1019 795 1103 pantheismi
810 1020 872 1085 sive
886 1020 975 1086 realis
989 1019 1051 1086 sive
1065 1019 1171 1086 idealis
1185 1020 1334 1106 sequitur,

234 1129 385 1192 mnndum
407 1151 472 1194 esse
498 1129 614 1215 aliquid
635 1154 654 1195 a
680 1130 783 1196 divina
804 1130 976 1196 substantia
997 1131 1118 1197 realiter
1143 1132 1334 1197 distinctum.
1396 1140 1399 1146 '

232 1239 439 1317 Quaerendum
454 1241 550 1324 igitur
565 1242 625 1306 iam
640 1251 697 1323 cst,
713 1242 865 1328 quomodo
879 1251 910 1308 et
925 1243 1049 1329 quando
1063 1251 1166 1309 ortum
1179 1243 1332 1322 babuerit,

230 1361 261 1416 et
276 1360 380 1416 utrum
396 1351 435 1417 ab
454 1352 521 1437 ipso
535 1352 604 1417 Deo
621 1353 721 1418 solnm
738 1361 770 1418 ct
787 1353 971 1435 immediate,
987 1377 1027 1419 an
1045 1354 1200 1420 mediante
1219 1354 1332 1438 aliquo.

232 1461 313 1539 Quia
327 1485 406 1542 vero,
422 1471 458 1527 ut
472 1485 509 1528 ex
523 1463 659 1529 dicendis
674 1464 841 1549 apparebit,
852 1464 988 1530 mundus
1001 1489 1056 1552 per
1070 1467 1253 1532 creationem
1267 1486 1332 1530 esse

230 1575 334 1660 coepit,
344 1575 412 1640 ideo
421 1583 493 1640 ante
504 1576 607 1641 omnia
621 1599 728 1641 verum
742 1599 777 1642 ac
787 1577 960 1662 legitimum
969 1578 1129 1643 creationis
1139 1586 1330 1662 conceptum,

230 1686 340 1751 deinde
359 1689 475 1753 fadum
495 1689 657 1754 creationis
674 1689 781 1775 ipsius,
796 1710 831 1754 ac
852 1689 984 1775 denique
1003 1713 1022 1754 a
1041 1711 1103 1776 quo
1122 1690 1233 1755 creatio
1250 1690 1331 1754 facta

229 1821 295 1864 esse
310 1798 448 1865 debuerit
462 1821 656 1886 exponemus.
703 1800 781 1879 Quae
799 1801 904 1866 omnia
917 1801 1017 1866 tribus
1038 1801 1174 1867 articulis
1189 1801 1227 1866 de
1244 1821 1331 1865 more

229 1910 475 1995 complectemur.

610 2097 794 2142 sustentus
809 2099 945 2142 ramus.

587 2226 637 2290 De
650 2234 788 2311 emeccpta
802 2229 966 2292 erectionis.

268 2380 322 2442 27.
346 2374 516 2441 Creationis
526 2396 625 2439 veram
640 2382 671 2440 et
686 2375 797 2440 claram
812 2377 969 2441 notionem
984 2375 1163 2461 expositiva
1177 2383 1208 2440 et
1223 2399 1328 2463 super·

225 2487 357 2553 naturali
365 2485 548 2552 revelatione
556 2485 665 2571 magis,
675 2509 768 2572 quam
777 2509 814 2552 ex
824 2487 1075 2573 philosophorum
1084 2486 1327 2572 investigatione,

226 2599 265 2664 ad
278 2621 335 2665 nos
357 2598 524 2663 derivatam
537 2597 632 2662 luisse
650 2600 854 2663 communiter
876 2608 982 2664 tenent
991 2624 1000 2677 ;
1024 2599 1138 2664 ethnici
1152 2600 1235 2664 enim
1258 2601 1327 2686 phi·

225 2710 344 2796 losophi
359 2711 407 2776 vel
421 2709 538 2774 nullam
553 2710 674 2794 proprie
690 2709 802 2775 dictam
817 2711 1000 2775 creationem
1015 2720 1214 2795 agnoverunt,
1226 2712 1274 2777 vel
1288 2713 1327 2777 de

224 2845 260 2888 ea
282 2822 369 2888 valde
394 2820 553 2886 obscuram
573 2819 747 2886 habuerunt
769 2821 870 2886 ideam
881 2847 891 2902 3
913 2822 1049 2908 plerique
1070 2823 1153 2888 enim
1173 2825 1326 2889 mundum

225 2944 372 3000 aetcrnum
392 2943 424 2998 et
446 2933 604 2997 materiam
626 2932 849 3018 improductam
871 2934 1070 3015 admiserunt,
1087 2941 1141 2999 aut
1160 2957 1195 2999 ex
1217 2935 1327 3001 divini·

224 3047 297 3112 tatis
312 3045 483 3111 substantia
501 3044 653 3109 mundum
668 3045 838 3110 manavisse
858 3053 1053 3130 putaverunt,
1069 3047 1326 3132 quemadmodum

223 3167 254 3223 et
264 3158 444 3223 recentiores
459 3156 650 3242 pantheistae,
660 3156 714 3241 qui
728 3156 874 3222 revelatas
883 3157 1024 3221 veritates
1038 3178 1101 3221 non
1116 3158 1219 3222 minus
1233 3182 1327 3245 quam

224 3269 363 3334 naturale
382 3268 509 3333 rationis
531 3268 636 3334 lumen
659 3276 870 3348 contemnunt,
886 3276 917 3332 et
939 3291 995 3354 pro
1013 3269 1127 3334 viribus
1148 3271 1326 3356 extinguere

224 3389 383 3445 conantur.

268 3490 389 3556 Creatio
403 3489 548 3554 definitur
566 3491 680 3554 eductio
694 3493 739 3554 rei
753 3512 791 3554 eu
804 3490 897 3554 ottilo
911 3493 958 3554 aui
972 3499 1001 3554 et
1017 3492 1148 3556 subiecti.
1194 3493 1325 3559 Eductio

223 3604 266 3669 rei
289 3625 326 3667 ec
348 3603 439 3667 nihilo
465 3604 512 3666 aui
533 3602 706 3685 simpliciter
728 3622 792 3665 non
815 3609 861 3666 est
883 3601 1004 3681 creatio,
1026 3601 1079 3666 sed
1099 3604 1255 3686 productio
1279 3606 1326 3670 vel

219 3717 388 3800 pancratio:
412 3714 464 3794 sic,
489 3714 612 3798 quando
641 3712 754 3777 mobile
784 3736 802 3777 a
831 3721 915 3777 statu
944 3713 1055 3799 quietis
1080 3715 1263 3780 transfertur
1286 3717 1325 3781 ad

222 3836 352 3907 motum,
367 3826 445 3891 actio
460 3825 586 3890 motoris
601 3824 704 3890 educit
717 3823 907 3890 velocitatem
921 3846 958 3888 ex
972 3824 1068 3889 nihilo
1084 3824 1140 3904 sui,
1157 3827 1230 3911 quia
1244 3828 1325 3892 velo·

223 3938 307 4018 citas,
331 3960 400 4022 quae
425 3958 488 4001 non
511 3945 585 4016 erat,
609 3935 717 4021 incipit
740 3958 824 4002 esse:
850 3943 882 4000 et
907 3957 1004 4020 quum
1029 3934 1182 4000 obiectum
1209 3936 1325 4002 visibile

222 4050 363 4135 producit
383 4048 512 4133 speciem
535 4046 708 4112 sensibilem
730 4047 789 4126 sui,
804 4045 945 4111 educitur
968 4045 1081 4130 specics
1096 4044 1134 4110 de
1154 4047 1251 4112 nihilo
1266 4050 1324 4128 sui,

222 4161 294 4247 quia
319 4160 443 4246 species,
469 4181 538 4245 quae
563 4158 650 4223 nullo
676 4157 768 4223 modo
793 4166 867 4237 erat,
895 4157 1002 4242 incipit
1030 4179 1106 4222 esse.
1163 4158 1224 4223 Sed
1254 4161 1325 4244 quia

220 4272 370 4352 velocitas,
386 4282 417 4337 et
437 4272 551 4358 species
572 4270 734 4352 sensibilis,
750 4278 781 4336 et
804 4271 870 4337 aliae
890 4268 1013 4348 similes,
1029 4278 1102 4334 sunt
1122 4271 1226 4336 formae
1248 4274 1324 4338 acci-

1095 4401 1117 4444 n
1130 4383 1150 4445 2
