3222 4984
258 335 324 399 210
691 349 734 394 nu
751 347 919 393 rnrrnrno.
1232 327 1320 412 [cnr.
1338 346 1363 390 1.

259 513 370 578 iterum
386 512 547 577 definitum
561 511 595 577 in
610 511 797 579 definitione.
842 509 959 576 Contra
973 508 1112 576 definitio
1126 517 1232 575 nostra
1242 509 1363 573 nullum

259 623 428 689 terminum
458 623 605 701 continet,
632 644 693 708 quo
716 631 872 709 repetatur
901 622 1085 702 definitum3
1117 621 1256 708 quamvis
1282 619 1364 684 enim

260 737 390 799 carentia
398 735 474 819 finis
490 735 531 799 sit
545 735 667 799 realiter
681 735 762 799 idem
778 742 869 819 atque
884 734 1062 815 infinitudo,
1078 733 1246 798 formaliter
1260 739 1363 796 tamen

260 846 397 911 eontinet
420 846 497 910 duos
521 846 681 912 distinctos
704 855 881 932 conceptus,
898 846 1013 918 scilicet
1021 846 1097 932 finis
1111 853 1143 910 et
1157 847 1312 922 curentioe5
1334 851 1365 908 et

262 981 316 1043 per
330 957 389 1022 hoc
403 980 485 1022 unus
509 966 674 1044 conceptus
689 958 851 1023 resolvitur
873 958 906 1022 in
927 958 1015 1038 duos,
1031 979 1161 1043 quorum
1184 965 1293 1022 neuter
1313 955 1366 1020 de·

262 1069 384 1134 finitum
401 1069 547 1135 continet.

308 1184 359 1246 19.
383 1180 539 1258 Quaeritur
554 1180 771 1261 decimotertio,
786 1190 885 1245 utrum
899 1183 1024 1246 essentia
1046 1178 1158 1265 infiniti
1179 1181 1220 1244 cit
1236 1177 1364 1264 infinita.

307 1293 499 1378 RespondeO,
515 1293 662 1358 essentias
676 1315 779 1358 rerum
794 1292 940 1378 concipis
951 1291 1040 1357 nobis
1051 1315 1106 1378 per
1121 1315 1219 1377 genus
1234 1301 1265 1355 et
1280 1290 1366 1354 diffe-

263 1403 403 1481 rentiam,
419 1403 466 1466 vel
481 1425 535 1487 per
546 1403 578 1467 id
593 1403 676 1488 quod
690 1410 737 1467 est
751 1403 785 1467 in
800 1403 844 1468 eis
859 1403 1014 1467 materiale
1029 1413 1060 1467 et
1078 1401 1214 1468 formale.
1261 1401 1365 1478 Quum

264 1522 368 1577 autem
388 1514 544 1577 infinitum
567 1513 607 1578 sit
623 1514 656 1578 id
676 1514 759 1599 quod
774 1514 866 1579 habet
881 1514 1042 1579 entitatem
1057 1515 1119 1578 fine
1134 1522 1297 1592 carentem,
1313 1534 1367 1576 seu

266 1624 331 1688 sine
356 1625 417 1688 fine
441 1625 664 1710 quodammodo
679 1625 899 1706 continuatam,
914 1634 1000 1713 patet
1015 1626 1098 1712 quod
1112 1626 1145 1691 iu
1158 1625 1281 1690 infinito
1303 1647 1366 1687 ma·

265 1735 369 1799 teriale
383 1744 430 1798 est
444 1736 555 1800 entitas
569 1736 732 1801 cuiuslibet
746 1747 863 1803 uaturae
885 1738 1104 1816 determinatae,
1120 1747 1151 1801 et
1171 1737 1297 1801 formale
1321 1744 1367 1800 est

266 1845 332 1910 eius
357 1846 548 1912 continuatio
576 1848 642 1912 sine
665 1848 773 1914 limite.
829 1850 915 1914 Sicut
941 1872 1014 1934 ergo
1040 1849 1162 1928 entitas,
1178 1857 1213 1912 ut
1238 1849 1278 1912 sit
1297 1847 1369 1912 talis

265 1972 394 2039 naturae,
410 1980 473 2023 non
488 1958 608 2043 indiget
622 1960 778 2024 continere
804 1961 966 2024 entitatem
990 1960 1209 2044 cuiuscumque
1231 1959 1367 2038 rationis,

266 2074 320 2138 sed
334 2084 436 2160 potest
451 2075 606 2138 continere
620 2075 779 2140 entitatem
794 2076 828 2140 in
843 2076 901 2140 hoc
916 2076 964 2141 vel
974 2075 1028 2140 illo
1044 2083 1166 2140 tantum
1177 2097 1289 2160 genere
1300 2097 1369 2160 per·

266 2185 406 2249 fectionis
415 2210 424 2263 3
447 2185 490 2250 ita
505 2185 672 2264 infinitum,
689 2186 714 2249 si
731 2194 884 2271 spectetur
899 2187 1068 2252 secundum
1083 2186 1115 2252 id
1130 2186 1213 2272 quod
1228 2188 1318 2252 estin
1334 2209 1370 2252 eo

268 2297 432 2376 materiale,
448 2298 590 2361 convenit
602 2319 676 2362 cum
691 2298 779 2361 finito
795 2298 931 2363 eiusdem
945 2299 1083 2364 rationis.
1131 2299 1210 2364 Vide
1224 2299 1325 2364 locum
1339 2299 1369 2364 S.

268 2409 392 2473 'l'homae
407 2431 498 2493 supra
518 2408 685 2473 adductum
704 2409 747 2492 (n.
765 2410 810 2493 9).
866 2409 900 2473 Si
915 2430 986 2474 vero
1009 2409 1217 2476 consideretur
1230 2410 1368 2488 formale,

267 2521 362 2585 idest
384 2520 520 2611 eiusdem
543 2521 681 2585 entitatis
697 2521 887 2585 continuatio
909 2521 975 2586 sine
997 2523 1068 2603 fine,
1083 2523 1147 2587 haec
1170 2523 1369 2600 continuatio,

268 2641 304 2696 ut
327 2633 517 2697 continuatio
542 2633 680 2697 entitatis
706 2632 849 2697 habentis
874 2633 1093 2719 perfectionem
1116 2635 1287 2718 specificam
1301 2634 1371 2698 fini-

269 2753 344 2822 tam,
356 2754 403 2808 est
418 2743 607 2808 continuatio
622 2743 722 2808 finiti:
746 2743 799 2808 sed
817 2744 890 2828 quia
909 2753 956 2809 est
970 2745 1159 2809 continuatio
1174 2746 1240 2809 sine
1254 2746 1325 2825 fine,
1341 2755 1372 2810 et

269 2878 324 2941 per
339 2855 397 2920 hoc
412 2855 571 2920 coustituit
586 2855 753 2935 infinitum,
768 2855 837 2920 ideo
859 2879 913 2920 ens
936 2864 972 2920 ut
986 2856 1117 2921 existens
1132 2880 1203 2921 cum
1218 2857 1272 2922 tali
1287 2858 1373 2922 diffe-

269 2967 369 3030 rentia
391 2967 451 3030 diei
471 2974 571 3049 potest
591 2966 703 3030 habere
722 2967 886 3031 essentiam
905 2967 1060 3032 infinitam
1082 2969 1251 3033 secundum
1273 2978 1372 3034 eatena-

268 3080 378 3142 cc'onem
404 3078 540 3142 entitatis
564 3078 702 3162 specifice
725 3079 829 3144 finitae.
875 3079 981 3156 Quum
1002 3101 1075 3163 ergo
1096 3079 1167 3144 talis
1189 3081 1373 3145 extensionis

271 3188 436 3253 infinitudo
452 3189 619 3253 constituat
641 3190 801 3254 formalem
821 3191 969 3254 rationem
985 3190 1108 3270 infiniti,
1124 3214 1172 3256 res
1187 3200 1290 3256 autem
1305 3214 1373 3277 quae

271 3301 314 3366 sic
328 3300 502 3365 extenditur
517 3301 557 3364 sit
574 3301 712 3385 specifice
727 3301 784 3365 sub
800 3301 858 3365 alia
873 3301 1043 3365 differentia
1051 3302 1148 3381 finita,
1160 3302 1229 3367 ideo
1243 3303 1374 3367 essentia

272 3412 411 3477 omnium
437 3412 629 3476 infinitorum
652 3412 780 3477 dicenda
801 3421 847 3476 est
869 3413 1021 3478 extensive
1043 3412 1163 3478 infinita
1177 3421 1208 3478 et
1226 3414 1375 3480 intensive

271 3524 369 3602 finita,
386 3522 450 3587 solo
464 3522 531 3588 Deo
547 3532 682 3609 excepto,
698 3525 751 3608 qui
767 3546 830 3587 non
846 3524 927 3588 cadit
943 3524 1000 3588 sub
1016 3547 1126 3608 genere
1147 3533 1178 3588 et
1194 3524 1373 3604 differentia,

272 3662 328 3704 nec
343 3639 478 3704 admittit
494 3639 721 3703 distinctionem
736 3639 923 3704 intensitatis
938 3648 969 3703 et
984 3638 1168 3704 extensionis
1189 3639 1222 3704 in
1238 3663 1293 3705 sua
1306 3665 1374 3728 per-

270 3751 412 3817 fectione.
459 3751 542 3814 Hinc
557 3750 600 3814 ait
616 3751 646 3815 S.
664 3751 797 3815 Thomas
813 3751 856 3836 (p.
875 3733 903 3815 1ss
917 3774 946 3836 q.
961 3754 1013 3816 50.
1023 3776 1051 3817 a.
1063 3754 1097 3834 2)
1110 3777 1117 3818 :
1141 3752 1232 3816 Nihil
1237 3755 1376 3836 prohibet

272 3865 402 3948 aliquam
421 3870 586 3926 creaturum
605 3884 667 3926 esse
687 3862 844 3926 seeundum
874 3864 948 3946 quid
968 3862 1116 3949 infinitum
1117 3911 1229 3931 .....
1245 3866 1323 3930 sicut
1348 3869 1376 3930 si

272 3976 438 4053 dicerernus,
449 3974 608 4037 albedinem
616 3982 782 4057 separatum
792 3976 963 4038 mutantem
973 3997 1033 4038 ecce
1042 3975 1199 4059 infinitum,
1209 3996 1374 4047 ausurum

273 4107 318 4151 An
340 4105 518 4150 numerian
539 4105 732 4164 suasuruxs,
748 4087 818 4169 quia
843 4107 901 4150 non
924 4088 1109 4151 contruditur
1123 4087 1163 4160 ud
1175 4088 1296 4171 aliquod
1308 4090 1375 4152 aab·

273 4200 397 4272 iactum
415 4215 490 4260 asan
504 4205 600 4261 tumen
614 4199 677 4260 eiua
692 4197 886 4280 escefinitum,
900 4201 968 4280 quia
980 4199 1190 4262 determinatur
1200 4200 1377 4284 uduliquum

272 4316 408 4372 naturum
430 4307 593 4391 specialem.
647 4306 839 4371 Vocabulum
862 4309 1017 4373 secundum
1043 4311 1116 4393 qaid
1142 4310 1293 4394 significat
1317 4312 1375 4376 hoc
