3240 4986
777 897 836 966 Da

348 1209 664 1324 seniora
705 1213 829 1320 nar
871 1145 1255 1318 canarno.

576 1587 1050 1604 μ’

263 1867 294 1928 1.
317 1840 569 1949 Terrcrcnrc
590 1862 624 1927 an
645 1860 763 1927 munao
784 1861 845 1927 nsi
863 1861 1070 1948 operationem
1095 1861 1270 1948 philosophi
1288 1885 1360 1928 cum

259 1975 412 2060 theologis
432 1982 623 2060 agnoscunt:
645 1996 738 2039 unam
764 1996 826 2059 qua
844 1972 980 2039 mundus
1005 1982 1199 2041 conservatur
1221 1975 1253 2038 in
1276 1997 1360 2043 esser

148 2162 152 2169 .
250 2085 361 2167 aliam,
376 2108 438 2171 qua
462 2107 561 2150 caasae
584 2107 692 2150 omnes
714 2083 868 2150 naturales
889 2085 953 2150 sire
974 2084 1159 2164 necessaria,
1174 2085 1236 2150 sive
1257 2084 1361 2150 liberae

261 2197 443 2262 adiuvantur
457 2195 497 2262 ad
518 2196 692 2282 agendum:
714 2196 848 2275 tertiam,
863 2218 925 2281 qua
944 2187 1089 2261 creature
1108 2218 1214 2261 omnes
1228 2196 1268 2261 ad
1283 2197 1361 2261 fines

261 2331 342 2389 sacr,
362 2308 530 2395 praesertim
552 2309 593 2373 ad
612 2307 769 2389 ultimum,
784 2307 970 2394 dirigantur.
1014 2307 1124 2394 Itaque
1146 2307 1225 2373 actio
1246 2308 1306 2373 Dei
1327 2308 1361 2372 in

260 2399 377 2484 munde
397 2419 611 2506 complectitur
629 2421 882 2500 conservatiorwm,
898 2442 1076 2502 concurram,
1091 2428 1122 2484 et
1135 2420 1361 2506 providentiam,

259 2532 299 2598 de
312 2532 426 2622 quibus
439 2531 473 2597 in
487 2531 546 2598 hoc
560 2539 694 2600 tractatu
708 2531 839 2600 breviter
853 2529 1006 2617 agcndm
1021 2537 1078 2598 cst.

717 2887 857 2952 CAPUT
879 2886 907 2952 1.

532 3071 585 3127 DE
602 3070 923 3128 OONSERVATIONE
940 3071 1088 3132 RERUM.

305 3222 338 3285 2.
360 3217 516 3296 Quaeritur
529 3216 638 3304 primo,
653 3240 693 3283 cn
705 3241 753 3284 rea
767 3228 871 3284 crectoe
884 3218 1034 3304 indicerent
1048 3222 1219 3286 marmari.

305 3329 489 3416 Responderi
500 3328 687 3395 affirmative.
720 3329 804 3394 Nam
816 3332 850 3393 1⁰
858 3329 942 3414 quod
950 3351 1013 3394 non
1021 3329 1114 3395 habet
1123 3330 1156 3394 in
1172 3353 1204 3395 se
1214 3331 1361 3397 rationem

261 3439 313 3506 sui
325 3463 401 3522 esse,
411 3462 473 3504 non
487 3439 580 3506 habet
593 3439 627 3504 in
643 3433 833 3506 serationem
848 3440 1061 3526 perseverandi
1074 3440 1107 3505 in
1122 3464 1178 3506 suo
1192 3466 1268 3509 esee.
1302 3443 1364 3508 Sed

262 3565 427 3617 rescrcatae
436 3573 500 3617 non
514 3551 630 3617 habent
643 3551 677 3616 in
689 3574 721 3616 se
731 3553 880 3616 rationem
889 3551 938 3615 sui
952 3574 1028 3618 ease.
1058 3552 1206 3638 Ergonec
1215 3554 1363 3620 rationem

263 3661 474 3747 perseverandi
484 3662 518 3726 in
532 3683 674 3727 aucense.
706 3660 832 3727 Habent
842 3683 916 3746 ergo
926 3661 965 3726 ab
975 3661 1143 3727 extrinseco
1154 3674 1185 3728 et
1200 3663 1283 3750 quod
1292 3664 1364 3745 sint,

263 3782 295 3838 ct
306 3772 389 3858 quod
402 3781 594 3859 perseverent
605 3772 639 3837 in
654 3795 719 3838 esse
727 3799 738 3854 ς
756 3773 839 3838 unde
849 3772 991 3858 indigent
1005 3775 1184 3841 conservari.
1206 3779 1242 3840 2⁰
1254 3774 1364 3842 Omnis

263 3884 389 3950 effectus
403 3892 451 3950 est
464 3908 484 3950 a
496 3883 611 3950 victine
629 3885 876 3970 proportionata:
899 3885 985 3970 atqui
999 3884 1107 3971 nequit
1122 3885 1249 3970 eogitari
1264 3886 1365 3973 aliqua

262 3998 362 4062 virtus
383 3996 416 4061 in
437 3996 592 4076 creaturis,
607 4019 669 4083 qua
684 4019 715 4062 se
733 3997 816 4082 ipsas
837 4005 1034 4078 conservent3
1057 4019 1129 4083 ergo
1150 3997 1240 4063 debet
1261 4021 1365 4066 earum

259 4108 450 4173 conservatio
471 4107 510 4173 ab
532 4109 700 4173 extrinseca
721 4108 836 4173 virtute
857 4108 1027 4194 procedere.
1073 4108 1180 4174 Mitior
1200 4109 1365 4195 probatur3

262 4241 337 4284 nam
358 4217 423 4284 haec
440 4218 538 4284 virtue
558 4217 607 4284 vel
626 4227 706 4284 esset
727 4226 872 4284 creature
891 4217 1069 4300 essentialis,
1084 4218 1132 4285 vel
1153 4219 1365 4290 accidentalis:

264 4354 327 4398 non
353 4329 533 4411 essentialis,
559 4329 631 4420 qaia
657 4330 700 4396 sic
725 4338 805 4396 esset
828 4329 875 4396 de·
891 4330 1024 4396 essentia
1049 4338 1194 4397 creaturae
1218 4333 1345 4398 existere
1356 4360 1367 4426 5
