3240 4986
231 360 299 404 ese.
316 340 356 424 1.]
684 362 727 404 nn
745 361 876 406 nunno.
1292 344 1332 407 75

230 526 384 591 invenitur
409 527 469 591 uisi
490 528 524 590 iu
546 527 602 592 hac
626 528 753 613 sphaera.
799 527 974 593 Generatim
995 527 1081 592 nulla
1102 527 1201 592 forma
1225 526 1334 611 incipit

230 661 294 702 esse
332 639 393 703 nisi
430 639 463 704 in
499 661 555 714 suo
584 640 715 705 termino
747 640 926 724 potentiali,
964 648 994 704 et
1029 625 1250 724 cousequenter
1280 659 1334 724 per

231 749 352 814 unicam
376 750 609 835 productionem
632 752 741 836 incipit
767 775 833 817 essa
858 775 929 817 cum
955 775 1011 816 suo
1034 751 1176 816 termino.
1221 752 1333 830 Immo,

231 884 328 946 quum
353 863 513 942 terminus,
529 885 564 927 eo
589 862 657 948 ipso
679 863 763 948 quod
785 872 831 928 ast
854 886 908 948 per
931 872 1033 928 actum
1057 886 1119 928 suae
1139 863 1254 942 formae,
1270 885 1331 926 non

231 971 341 1037 habeat
362 974 521 1059 proprium
543 995 617 1053 esse,
634 973 688 1038 sed
707 997 772 1038 esse
787 989 857 1038 'auae
876 974 991 1053 fornaae,
1007 972 1094 1052 illud,
1110 972 1193 1058 quod
1210 973 1332 1058 proprie

230 1085 422 1169 producitur,
434 1096 481 1150 est
502 1094 589 1152 actus
609 1086 819 1152 substantialis
840 1086 918 1151 dane
932 1109 998 1150 ease
1020 1108 1075 1150 suo
1097 1085 1238 1165 termino,
1254 1086 1334 1150 sicut

231 1196 303 1260 alibi
318 1197 437 1262 dictum
451 1206 497 1262 est
515 1198 575 1282 (De
589 1198 697 1284 primis
710 1197 868 1283 principiis
882 1220 914 1262 n.
930 1199 996 1282 34).

276 1306 369 1383 Quod
380 1329 450 1373 vero
465 1309 576 1373 attinet
586 1307 625 1372 ad
636 1309 800 1376 secundam
809 1309 969 1389 rationem,
981 1308 1153 1374 notandum
1162 1316 1208 1373 est
1222 1310 1332 1394 primo,

232 1418 315 1503 quod
328 1421 426 1502 virtus
444 1421 563 1504 agentis
583 1441 646 1484 non
660 1420 843 1484 terminatur
865 1419 905 1484 ad
918 1421 1085 1484 terminum
1106 1428 1142 1484 ut
1157 1428 1203 1484 est
1224 1419 1333 1498 virtus,

232 1531 285 1596 scd
299 1541 335 1596 ut
350 1541 397 1596 est
412 1541 518 1612 actus;
541 1555 604 1597 non
620 1534 702 1598 enim
717 1533 899 1597 terminatur
915 1533 976 1598 nisi
991 1533 1120 1618 agendo,
1135 1543 1167 1597 et
1182 1555 1272 1617 agere
1286 1540 1333 1595 est

222 1645 360 1738 transire
385 1645 425 1709 ad
453 1653 628 1710 actumst
657 1645 797 1710 similiter·
821 1667 885 1710 non
914 1646 1060 1730 recipitur
1086 1645 1121 1709 in
1144 1645 1276 1709 termino
1298 1653 1335 1708 ut

230 1755 336 1834 virtus,
356 1756 410 1821 sed
431 1765 467 1820 ut
489 1764 575 1821 actus
593 1778 612 1819 a
631 1757 742 1821 virtute
762 1757 940 1841 procedens.
987 1756 1037 1821 Sic
1056 1757 1101 1822 vis
1123 1756 1246 1834 motiva,
1266 1780 1334 1841 quae

231 1867 325 1930 estin
347 1874 473 1945 motare,
489 1888 553 1930 non
566 1866 751 1932 terminatur
765 1867 804 1931 ad
826 1866 937 1932 mobile
951 1875 988 1931 ut
1002 1867 1099 1932 virtus
1114 1867 1263 1945 movendi,
1280 1867 1334 1930 sed

173 2009 177 2014 ·
230 1986 270 2042 ut'
281 1980 406 2044 actualis
419 1981 519 2058 motio,
530 1979 562 2042 in
578 1987 729 2064 quantum
747 1987 793 2043 est
808 1981 904 2044 active
918 2003 936 2043 a
951 1988 1102 2058 movente,
1113 1988 1144 2043 et
1159 1989 1195 2043 ut
1211 1981 1335 2044 actucla'a

227 2082 335 2168 'motus
351 2090 385 2154 in
407 2098 559 2174 quantum
573 2091 691 2175 passive
712 2091 857 2174 recipitur
878 2091 911 2154 in
929 2090 1044 2154 mobili.
1090 2091 1272 2154 Notandum
1287 2114 1332 2155 se·

232 2201 342 2281 cundo,
359 2201 442 2286 quod
463 2202 560 2266 virtus
580 2201 741 2265 cuiuslibet
760 2201 879 2285 agentia
901 2202 1038 2266 continet
1059 2202 1092 2265 in
1115 2224 1148 2265 ae
1167 2203 1250 2265 modo
1270 2225 1333 2282 suo,

232 2333 286 2376 seu
294 2313 460 2378 virtualiter
474 2320 505 2376 et
516 2315 673 2384 eminenter
682 2312 860 2376 innumeros
874 2321 978 2377 actus:
996 2311 1040 2375 ita
1054 2320 1091 2374 ut
1105 2311 1233 2395 quilibet
1249 2321 1334 2377 actus

231 2423 399 2507 productus
414 2423 452 2487 ab
467 2423 568 2508 aliqua
581 2423 693 2487 virtute
708 2423 875 2506 comparari
890 2422 987 2506 possit
1000 2421 1040 2486 ad
1054 2421 1198 2486 virtutem
1214 2423 1334 2506 agentia

231 2534 321 2598 sicuti
344 2557 442 2598 unum
465 2534 503 2598 ad
521 2534 690 2598 virtualiter
711 2531 851 2598 infinita:
875 2555 991 2618 exque
1014 2533 1152 2617 sequitur
1174 2533 1333 2597 entitatem

231 2645 314 2710 illius
339 2655 425 2710 actus
454 2645 594 2730 producti
619 2668 685 2710 esse
712 2645 832 2717 infinite
860 2645 1074 2730 ignobiliorem
1103 2667 1196 2729 quam
1222 2645 1353 2716 entitas⁴

232 2741 351 2842 agentis
374 2757 461 2822 cuius
486 2757 599 2821 virtute
620 2756 809 2841 producitur.
855 2757 905 2821 Sic
930 2757 1026 2822 virtue
1048 2756 1244 2835 intellectiva,
1265 2779 1333 2841 quae

232 2877 278 2932 est
293 2870 325 2932 in
340 2869 474 2948 homine,
491 2876 538 2933 est
552 2875 658 2953 parata
673 2867 712 2932 ad
726 2869 902 2933 innumeros
922 2877 1007 2933 actus
1022 2868 1224 2952 intelligendi,
1240 2869 1283 2932 ita
1297 2878 1334 2934 ut

232 2980 429 3064 quantumvis
453 2988 524 3044 actu
548 2967 712 3064 intelligat,
733 3001 851 3064 semper
873 2979 970 3064 possit
993 2979 1032 3042 ad
1057 2978 1131 3042 alios
1155 2987 1241 3044 actus
1264 3002 1334 3064 pro·

231 3091 354 3156 cedere:
377 3099 409 3155 et
423 3097 643 3177 consequenter
657 3091 769 3157 entitas
783 3090 955 3155 intellectus
970 3089 1085 3154 habens
1099 3090 1181 3154 hanc
1190 3091 1335 3156 virtutem

232 3202 406 3267 intuitivam
430 3211 477 3267 est
495 3202 615 3267 infinite
632 3202 763 3267 nobilior
780 3224 873 3288 quam
888 3202 1000 3266 entitas
1022 3201 1155 3267 ciliusvis
1168 3211 1255 3266 actus
1276 3203 1333 3268 bac

231 3315 344 3381 virtute
358 3315 509 3399 producti.
546 3315 681 3379 Notetur
696 3314 797 3393 tertio,
807 3315 890 3398 quod
904 3315 1016 3378 entitas
1031 3313 1172 3378 habentis
1188 3313 1333 3380 virtutem

232 3427 370 3506 activam,
386 3435 418 3491 et
433 3426 544 3490 entitas
559 3435 646 3490 ectus
659 3425 715 3489 teli
729 3425 841 3490 virtute
855 3425 1006 3510 producti,
1023 3425 1143 3488 suntin
1159 3425 1217 3488 alia
1231 3433 1262 3489 et
1277 3425 1336 3490 alia

231 3537 415 3617 bumentia,
430 3537 464 3601 id
477 3545 533 3616 est,
544 3545 618 3601 sunt
631 3559 686 3600 cns
701 3535 853 3621 aequivoce
868 3543 921 3599 aut
937 3535 1102 3619 analogice,
1118 3556 1181 3598 non
1196 3535 1332 3600 univoce.

227 3650 283 3714 Sic
308 3650 353 3716 vis
377 3647 573 3733 imprimendi
589 3647 779 3712 velocitatem
801 3646 915 3724 mobili,
932 3669 1000 3731 quae
1022 3646 1067 3710 vis
1090 3655 1137 3710 est
1160 3648 1224 3731 ipse
1249 3655 1334 3711 actus

232 3760 441 3825 substantialis
467 3760 592 3823 motoris
616 3767 653 3823 ut
674 3757 876 3823 terminabilis
902 3756 942 3821 ad
965 3765 1058 3837 entre,
1074 3779 1137 3820 non
1162 3765 1207 3820 est
1233 3756 1334 3840 aliqua

231 3871 373 3936 velocitas
395 3871 456 3935 sive
470 3892 583 3954 magne
605 3871 667 3935 sive
687 3888 796 3954 parva:
819 3877 850 3933 et
870 3869 1049 3953 generatim,
1066 3890 1102 3931 ex
1122 3867 1221 3946 dictis,
1237 3868 1334 3932 virtus

233 3981 353 4065 egentis
370 3983 412 4064 (et
427 3989 645 4066 consequenter
663 3980 765 4066 ipsum
779 3981 885 4064 agens)
903 3979 1022 4043 infinite
1041 3977 1158 4045 excedit
1175 3979 1335 4044 entitatem

234 4090 396 4156 cuiuslibet
418 4100 541 4156 retusa
562 4114 595 4156 se
613 4090 805 4176 procedentis
815 4116 824 4168 3
848 4097 879 4154 et
896 4089 965 4154 ideo
985 4088 1182 4154 constituitur
1204 4087 1237 4152 in
1254 4089 1335 4154 linea

232 4204 312 4268 entis
327 4203 445 4268 infinite
461 4203 624 4288 superiore.
670 4202 763 4281 Hinc,
776 4201 847 4266 licet
858 4201 955 4266 virtus
965 4208 1053 4264 terrae
1064 4198 1214 4266 trahentis
1229 4223 1334 4266 saxum

232 4317 272 4381 ait
291 4316 324 4382 in
339 4317 420 4381 linea
434 4316 515 4380 entis
534 4314 753 4394 substantialis,
763 4333 832 4378 non
853 4312 990 4398 sequitur
1006 4320 1128 4378 motum
1150 4311 1333 4396 impressum
