3222 4984
246 379 315 424 cir.
333 358 388 444 ιι]
557 378 599 421 ou
615 377 756 422 serrone
774 378 832 421 our
849 378 887 422 sn
904 377 1035 422 nunno.
1286 355 1348 419 169

244 543 330 607 Deus
354 540 456 607 omnia
470 549 651 626 praemoveat
676 548 706 604 ct
730 540 861 626 applicet
884 541 924 605 ad
938 563 1009 605 suas
1034 539 1245 624 operationcs;
1275 562 1348 604 nam

245 677 410 722 concursus
433 653 633 717 simultaneus
647 674 714 716 nou
730 652 835 737 dirigit
847 652 995 717 actionem
1012 660 1164 730 creaturae,
1181 651 1234 716 sed
1249 651 1348 716 solum

246 767 305 854 ipsi
320 773 508 852 cooperatur.

290 877 538 964 Respondebitur
552 875 694 961 negando
718 874 916 940 directionem
930 876 1084 941 actionum
1100 876 1247 941 adfinem
1261 898 1349 962 posse

246 991 311 1056 fieri
325 1014 380 1077 per
399 991 629 1076 promotionem
651 989 820 1076 physicam,
836 1012 896 1074 qua
911 989 1008 1054 virtus
1030 989 1126 1055 activa
1140 998 1296 1055 moveatur
1310 991 1350 1054 ad

246 1102 410 1187 agendum.
466 1102 655 1186 Diriguntur
676 1101 809 1165 actiones
831 1101 871 1165 ad
893 1101 985 1164 finem
1012 1100 1155 1186 ponendo
1181 1101 1348 1164 terminum

210 1284 212 1290 ,
247 1214 477 1279 convenientem
492 1213 573 1278 intra
587 1213 737 1298 sphaeram
754 1211 916 1276 activitatis
938 1222 1055 1276 creatae.
1101 1211 1152 1275 Sic
1166 1211 1273 1276 artifex
1288 1211 1348 1275 uti-

246 1333 298 1389 tur
324 1325 407 1410 igne,
434 1348 522 1411 aqua,
545 1347 627 1389 serra
642 1332 699 1389 etc.
716 1322 879 1407 dirigendo
894 1345 1000 1388 corum
1020 1323 1170 1387 actionem
1191 1323 1231 1387 ad
1245 1323 1348 1402 tinem,

246 1437 370 1522 quaudo
385 1436 489 1501 obiicit
503 1435 570 1521 igni
584 1436 689 1522 potius
703 1458 814 1516 ceram,
826 1458 920 1520 quam
935 1443 1059 1515 cretam,
1074 1444 1105 1499 et
1120 1434 1208 1521 ponit
1222 1435 1256 1500 in
1271 1457 1350 1520 aqua

245 1558 349 1622 navim
372 1557 475 1642 potius
498 1579 591 1641 quam
618 1578 734 1636 saxum,
749 1563 780 1620 et
806 1554 909 1620 obiicit
933 1578 1022 1620 serrae
1035 1555 1094 1620 hoc
1110 1555 1231 1640 liguum
1246 1555 1349 1641 potius

246 1691 339 1754 quam
354 1668 441 1748 illud,
457 1668 534 1754 quin
546 1668 644 1733 virtus
659 1668 752 1753 ignis,
763 1690 863 1748 serrae,
873 1689 960 1753 aquae
975 1675 1032 1732 etc.
1049 1667 1208 1753 indigeant
1225 1669 1347 1733 mutari.

246 1781 324 1845 Vide
339 1780 420 1846 dicta
435 1803 466 1844 n.
482 1781 536 1845 22.

289 1894 342 1956 28.
366 1891 461 1956 Nono
487 1890 605 1977 inquit:
641 1893 742 1956 Datur
756 1895 855 1971 motio,
874 1916 931 1977 per
953 1915 1040 1976 qnam
1055 1894 1138 1956 Dens
1152 1891 1349 1976 infallibiliter

248 2005 345 2068 emnia
374 2004 511 2088 disponat
522 2027 533 2082 3
562 2003 614 2066 sed
635 2003 699 2066 sola
722 2005 875 2087 menotio
898 2011 1000 2087 potest
1025 2004 1059 2067 id
1074 2012 1219 2087 prestare
1226 2028 1236 2082 3
1270 2025 1348 2087 erpo.

249 2116 416 2180 Prodmin.
449 2114 531 2178 Nam
546 2136 701 2178 concarata
710 2115 1008 2198 simultaneas‚qaarn
1016 2115 1350 2199 sitdeseindiffnentn

241 2235 369 2310 paratas
384 2227 525 2304 omnine,
541 2248 600 2289 noa
619 2227 705 2310 repit,
720 2249 773 2290 nec
792 2235 884 2290 movet
906 2235 1056 2291 nectarus
1077 2228 1285 2312 infallibiliter,
1300 2228 1353 2291 ced
1461 2301 1465 2310 Ι

248 2345 395 2422 respectat
404 2338 604 2421 indifferenter
613 2361 713 2401 earam
729 2339 968 2420 cooperationem.
1000 2338 1070 2402 Hac
1083 2339 1197 2401 ratione
1211 2339 1350 2420 ptionen-

248 2450 322 2512 rima
347 2450 443 2513 ntitar
459 2449 493 2513 S.
516 2449 643 2513 Thomas
660 2450 702 2534 (p.
720 2452 749 2513 1.
765 2471 797 2534 q.
814 2451 888 2513 103.
904 2471 932 2513 a.
949 2450 981 2533 8)
999 2451 1050 2513 nbi
1064 2449 1226 2532 dicitquod
1238 2447 1348 2513 Omnis

247 2559 404 2625 inclinatio
428 2560 490 2625 sive
514 2560 673 2640 naturalis,
695 2561 757 2625 sive
781 2560 963 2640 voluntaria,
977 2559 1056 2623 nihil
1079 2559 1164 2625 aliud
1185 2569 1233 2625 est
1257 2581 1350 2644 quam

248 2671 407 2758 impressio
422 2695 440 2736 a
454 2672 555 2756 primo
566 2681 726 2738 moventes
750 2673 829 2737 sicut
851 2672 1008 2737 inclinatio
1024 2673 1143 2758 sagittae
1165 2673 1204 2737 ad
1226 2673 1350 2756 signum

250 2782 487 2847 determinatum
508 2783 587 2847 nihil
602 2783 686 2848 aliud
707 2792 754 2848 est
777 2805 869 2868 quam
892 2783 1051 2869 impressio
1074 2783 1292 2868 asagittante:
1314 2806 1351 2848 ea

249 2917 305 2978 pao
321 2895 467 2960 concludit
481 2896 561 2979 qaod
568 2897 775 2980 palomtioni
789 2897 849 2959 Dei
863 2897 941 2978 nihil
952 2897 1073 2974 resistit,
1088 2895 1136 2959 Eo
1146 2896 1230 2980 quod
1238 2895 1351 2975 omnia,

249 3027 319 3090 quae
333 3013 469 3090 aguntur
489 3006 537 3071 vel
551 3007 732 3072 naturaliter
745 3007 793 3071 vel
807 3006 987 3086 voluntarie,
1003 3007 1091 3092 quasi
1104 3007 1228 3093 propria
1242 3015 1352 3092 sponte

248 3116 431 3201 perveniunt
446 3116 479 3180 in
494 3115 527 3180 id
542 3117 582 3181 ad
596 3117 680 3201 quod
694 3116 842 3182 divinitus
857 3117 1048 3181 ordinantur.

293 3228 553 3314 Respondebitur,
579 3227 644 3293 dari
669 3229 820 3294 motiones
846 3251 915 3314 quae
940 3229 1125 3315 recipiantur
1147 3229 1180 3292 in
1206 3229 1352 3313 potentiis

250 3339 377 3425 passivis
392 3349 609 3420 creaturarum,
626 3341 680 3404 sed
693 3341 794 3406 nullas
814 3340 880 3406 dari
901 3341 1051 3405 motiones
1073 3363 1142 3426 quae
1166 3341 1352 3425 recipiantur

252 3451 285 3514 in
299 3452 414 3516 virtute
429 3452 536 3531 activa,
551 3452 635 3538 quod
650 3475 770 3538 semper
792 3462 898 3518 auctor
918 3452 995 3518 falso
1011 3453 1165 3539 supponit.
1196 3453 1352 3518 Metiones

252 3571 355 3628 autem
370 3565 432 3629 illae
446 3564 479 3628 in
502 3564 607 3640 ordine
621 3565 754 3630 naturali
774 3566 854 3630 fiunt
876 3565 915 3630 ab
940 3565 1015 3652 ipsis
1037 3565 1193 3644 creaturis,
1208 3587 1276 3650 quae
1297 3588 1353 3650 per

252 3675 406 3760 propriam
423 3676 569 3765 virtutem
589 3685 687 3761 agunt
700 3677 733 3740 in
749 3676 901 3762 potentias
915 3655 1186 3762 passivasaliarum
1200 3685 1352 3741 creatura·

251 3807 332 3866 rum,
347 3787 432 3852 iuxta
446 3788 630 3873 exigentiam
646 3811 709 3852 suae
723 3796 859 3855 naturae:
890 3788 985 3866 Deus·
999 3793 1109 3853 autem
1124 3786 1210 3852 nulla
1224 3810 1351 3873 praemo-

253 3898 336 3961 tionc
361 3898 480 3983 indiget
505 3898 545 3964 ad
567 3898 769 3964 infallibiliter
794 3898 1027 3984 disponendum.
1041 3899 1079 3964 de
1101 3888 1244 3965 omnibus
1257 3927 1269 3984 :¹
1300 3901 1354 3965 sed

251 4007 371 4092 indiget
397 4008 495 4074 solum
520 4009 597 4075 velle
622 4010 754 4096 aliquem
778 4010 915 4076 ordinem
938 4033 1050 4089 rerum,
1077 4019 1107 4075 et
1134 4019 1354 4098 consequenter

256 4120 328 4183 dare
339 4121 417 4185 vires
432 4121 595 4206 agentibus
604 4121 811 4210 naturalibus,
827 4144 862 4187 ac
876 4143 988 4206 ponere
1003 4120 1192 4186 conditiones
1206 4123 1246 4187 ad
1260 4121 1352 4188 talem

255 4231 394 4296 ordinem
409 4232 578 4316 requisitas.
597 4295 599 4301 .
625 4233 674 4297 Sic
689 4233 715 4298 si
729 4233 801 4298 velit
815 4242 927 4298 terram
943 4233 1111 4298 describere
1120 4233 1352 4299 determinatam

251 4343 386 4437 ,orbitam
410 4343 491 4410 circa
514 4343 619 4422 solem,
643 4366 704 4409 non
732 4343 849 4430 indiget
880 4345 938 4409 nisi
961 4366 1061 4410 creare
1087 4345 1181 4410 solem
1205 4367 1275 4410 cum
1299 4369 1354 4410 sua
