3186 4982
223 367 297 412 von.
314 347 354 431 n]
542 368 702 413 Anauros
716 368 757 410 rr
773 366 995 411 uurunuuor.
1262 347 1321 410 251

221 529 251 584 in
263 531 380 603 quodem
397 536 474 587 motu
488 532 642 602 intrinseco,
654 549 708 587 non
724 536 816 586 tamen
832 549 867 586 ex
882 531 934 586 hoo
952 529 1068 586 dicimus
1080 546 1190 602 corpora
1206 534 1326 597 extensa,

222 615 269 669 sed
281 632 315 669 ex
326 616 488 690 proprietate
501 633 583 688 quam
600 616 702 671 habent
719 616 879 672 ostendendi
895 619 1001 687 partem
1019 618 1097 670 anna
1113 618 1226 686 partem,
1238 613 1269 668 id
1286 618 1327 667 ast

222 701 301 772 plura
312 701 394 773 spatii
405 706 507 773 puncta
518 707 648 775 occupata
659 702 717 758 sine
729 701 850 756 sensibili
862 701 1064 773 interruptione.
1101 699 1250 771 Occupatio
1261 716 1326 754 varo

223 785 257 839 de
268 803 297 840 se
310 804 365 840 non
377 785 444 842 dicit
456 792 568 856 motum,
582 787 629 842 sed
641 786 800 859 simpliciter
812 804 876 841 esse.
912 787 959 840 Ad
971 787 1039 854 haec,
1049 790 1139 840 motus
1151 785 1326 840 moleculsres

223 887 279 924 non
291 878 355 926 sunt
371 871 499 941 visibiles,
511 891 562 927 uec
578 871 769 926 continuantur
784 871 818 926 ab
839 877 960 927 extremo
982 872 1018 926 ad
1037 877 1189 926 extremum
1210 871 1327 943 conponis

223 957 328 1012 extensi
339 975 387 1030 per
398 957 511 1012 modum
522 957 610 1027 unius,
623 958 671 1012 sed
682 958 783 1029 singuli
795 958 897 1012 habent
914 975 977 1012 suos
994 957 1125 1012 terminos
1137 957 1281 1011 distinctm
1298 961 1327 1011 et

222 1042 367 1098 discretos:
396 1048 489 1098 contra
506 1043 629 1098 extensio
646 1043 763 1116 corporis
780 1048 808 1098 et
824 1043 942 1098 visibilis
953 1048 1003 1113 est,
1022 1048 1050 1098 at
1067 1060 1154 1098 unum
1166 1044 1326 1098 continuum

223 1132 432 1200 repraesentans:
451 1129 518 1183 item
531 1121 653 1183 extensio
661 1133 752 1184 motus
764 1147 818 1183 non
827 1129 861 1182 fit
871 1129 926 1183 nisi
937 1129 1088 1184 secundum
1098 1129 1215 1183 lineam:
1233 1134 1327 1184 centn

223 1213 346 1268 extensio
357 1231 499 1286 corporum
510 1214 661 1286 concipitur
673 1215 821 1268 secundum
833 1232 942 1268 ornnem
959 1231 1076 1268 sensum.
1112 1214 1185 1286 Ergo
1204 1213 1326 1269 extensio

222 1315 363 1371 corporum
375 1305 416 1354 est
425 1299 546 1354 extensio
555 1300 658 1368 statice,
666 1317 721 1354 non
729 1300 877 1372 dynamica.
904 1299 997 1364 Quum
1005 1299 1190 1356 verodensum
1198 1305 1325 1360 atrorum

222 1402 277 1438 non
288 1384 488 1440 fseiantmaius
500 1385 648 1440 autminus
660 1385 796 1455 volumen,
806 1385 943 1457 quantitas
956 1385 1085 1454 materiae,
1097 1402 1158 1457 quaa
1171 1390 1213 1440 ast
1223 1385 1254 1440 in
1265 1402 1324 1440 cor·

222 1488 294 1542 pore,
307 1472 342 1526 ad
353 1471 539 1526 extensionem
552 1470 610 1527 eius
621 1488 677 1524 non
694 1471 828 1542 pertinet:
855 1471 927 1525 unde
943 1471 1122 1541 concluditur,
1135 1471 1220 1525 solam
1238 1488 1325 1542 quan·

222 1557 331 1613 titatem
349 1557 429 1630 spatii
440 1557 549 1612 relativi
561 1575 578 1612 s
589 1556 722 1611 limitibus
734 1556 851 1628 corporis
863 1556 1071 1612 determinatum
1088 1557 1226 1611 continere
1237 1563 1326 1612 totam

221 1645 353 1701 rationem
363 1644 528 1701 extensionis
540 1659 690 1716 corporum,
703 1660 764 1714 quaa
776 1642 876 1698 idcirco
888 1643 994 1698 definiri
1006 1647 1097 1714 potest
1104 1643 1182 1698 raclio
1188 1643 1324 1713 percumi-

222 1731 307 1785 de'litoe
325 1731 405 1802 spatii
422 1731 545 1785 limitatus
565 1729 680 1800 emporia
700 1728 877 1784 manium
927 1727 1060 1794 Quamvis
1086 1733 1188 1784 autem*
1201 1728 1324 1783 extensio

221 1834 362 1888 corporum
384 1818 420 1871 sit
441 1816 545 1885 statice,
567 1833 622 1870 non
641 1832 784 1888 possumus
804 1831 963 1886 cognoscere
983 1814 1104 1886 aliquem
1127 1815 1323 1884 extensionem,

220 1896 305 1953 immo
323 1916 374 1954 nec
394 1897 561 1966 distantiam,
579 1897 633 1951 nisi
652 1914 699 1969 per
717 1901 830 1951 motum.
873 1895 956 1950 Ratio
975 1900 1024 1964 est,
1045 1895 1110 1968 quia
1130 1897 1202 1950 dats
1220 1894 1325 1950 duobus

220 1984 329 2056 punctis
339 1984 368 2038 A
386 1989 415 2038 et
430 1985 456 2038 B
467 1984 497 2038 in
508 1983 595 2056 spatio
607 1981 752 2051 distinctis,
763 1999 820 2036 non
836 1997 978 2054 possumus
989 1999 1075 2036 unum
1087 1983 1123 2036 od
1133 1981 1209 2037 eliud
1219 1982 1324 2051 referre,

220 2071 274 2126 nisi
285 2088 335 2126 nos
346 2071 399 2143 ipsi
409 2075 502 2126 nostro
513 2071 625 2140 intuitu,
644 2070 703 2124 sive
720 2069 868 2140 oculorum,
881 2069 939 2124 sive
960 2069 1171 2141 imaginationis,
1184 2069 1219 2124 ab
1237 2069 1323 2124 altero

220 2155 256 2209 ud
275 2155 389 2208 alterum
407 2155 605 2223 transferamur,
618 2160 646 2210 et
661 2155 700 2208 sic
714 2170 899 2225 percurremus
916 2153 993 2207 illurn
1012 2153 1178 2223 distantiam
1203 2169 1264 2223 quas
1282 2157 1325 2207 ast

221 2241 401 2313 percurribilis
412 2242 483 2296 inter
494 2243 522 2294 A
534 2248 561 2296 et
573 2242 605 2295 B.
642 2241 698 2306 Qui
710 2258 773 2312 ergo
784 2240 904 2312 concipit
915 2240 1081 2309 distentiem,
1091 2246 1216 2294 movetur
1227 2240 1324 2294 sultem

221 2327 374 2382 mentaliter
391 2345 439 2400 per
450 2327 609 2382 distantiam
628 2328 713 2393 illam,
723 2331 752 2381 et
763 2325 840 2379 ducit
850 2326 1005 2380 mentaliter
1021 2326 1098 2380 illurn
1116 2326 1217 2380 lineam
1234 2326 1323 2380 conti·

221 2432 312 2483 uuam,
331 2431 413 2485 quam
432 2415 543 2470 duceret
560 2415 667 2469 realiter
682 2431 769 2466 unum
784 2430 819 2466 ex
834 2413 944 2484 punctis
960 2413 1097 2482 extremis,
1110 2412 1133 2466 si
1145 2431 1205 2468 eam
1216 2429 1324 2485 percur-

219 2507 298 2556 reret.
334 2501 408 2555 Hinc
420 2500 460 2571 fit,
469 2507 502 2554 ut
513 2500 589 2554 nulla
600 2499 729 2554 distantia
741 2498 845 2570 concipi
854 2499 940 2570 possit
951 2499 1162 2571 independenter
1174 2517 1190 2553 a
1200 2504 1287 2567 motu,
1296 2505 1324 2556 st

219 2592 252 2642 ut
270 2588 359 2642 omnis
383 2586 514 2643 distentia
533 2587 668 2659 cogitetur
687 2590 719 2640 ut
738 2590 850 2639 extensa
867 2585 902 2639 ob
919 2584 1173 2657 percurribilitatem
1190 2583 1265 2638 illius
1276 2602 1325 2659 par

220 2679 331 2728 motum.
375 2673 449 2727 Hinc
470 2673 552 2728 etiem
573 2672 703 2744 sequitur,
723 2671 909 2727 extensionem
928 2689 1068 2742 corporum
1090 2689 1145 2724 non
1166 2670 1263 2725 deduci
1289 2688 1324 2726 ex

220 2779 313 2820 sonum
333 2760 596 2832 impenetrabilitate,
618 2759 666 2814 sed
687 2778 722 2814 ex
741 2757 920 2830 possibilitate
940 2762 1031 2812 motus
1048 2758 1122 2812 inter
1139 2759 1324 2813 extremitates

219 2863 360 2918 corporum
371 2846 619 2919 experimentaliter
630 2845 746 2916 cognita

256 2932 316 2986 111.
335 2932 437 2987 Contra
457 2949 502 2987 eos
523 2949 595 3002 vero,
608 2932 655 3004 qui
674 2937 779 3005 ponunt
795 2931 937 2986 materiam
949 2930 1059 2986 extendi
1071 2947 1118 3003 par
1132 2930 1323 2986 simulteneem

220 3022 422 3093 occupationem
443 3020 608 3088 continuam,
621 3020 759 3092 implendo
771 3019 890 3090 spatium
910 3023 1079 3090 occupatum,
1097 3018 1214 3073 sufficiat
1229 3025 1323 3073 notare

219 3107 292 3178 quod
304 3124 427 3176 occupare
437 3124 492 3161 uon
503 3111 545 3161 est
555 3107 670 3177 implere,
684 3105 817 3177 quidquid
834 3103 990 3176 praeiudicia
1007 3109 1058 3160 etc.
1071 3105 1137 3158 aaa
1148 3106 1178 3158 in
1184 3124 1248 3176 pay.
1261 3105 1322 3159 201.

219 3192 265 3248 lin.
279 3193 315 3246 20
327 3199 351 3247 et
362 3212 429 3264 seqq.

255 3280 320 3349 Pop.
334 3279 393 3333 202.
407 3279 451 3334 lin.
466 3279 490 3333 1.
509 3279 627 3334 secundo
647 3276 797 3332 notandum
817 3280 868 3330 etc
881 3276 935 3329 dele
947 3281 1031 3330 totam
1043 3293 1122 3346 aeque
1138 3277 1175 3329 ad
1185 3294 1248 3346 pop.
1262 3275 1321 3330 204.

141 3361 149 3380 “
220 3365 264 3418 lira.
277 3366 311 3418 31
323 3366 450 3420 inclusive.
485 3361 493 3380 '

252 3451 318 3523 Pop.
332 3452 391 3505 205.
405 3453 449 3506 lia.
463 3452 506 3506 27.
524 3456 669 3506 moventur
680 3449 780 3520 antipa
791 3447 894 3504 moveri
905 3448 1046 3520 contingat

252 3538 318 3609 Pop.
331 3539 391 3592 206.
405 3539 448 3592 liae.
462 3538 556 3592 aceo.
575 3555 640 3592 nam
657 3536 775 3591 actiones
796 3535 983 3606 singulorum.
998 3572 1004 3588 .
1019 3574 1025 3589 .
1040 3573 1046 3588 .
1060 3533 1182 3606 aliquam
1198 3539 1319 3589 motumr

220 3625 273 3676 deda
284 3625 338 3678 lacae
349 3626 433 3678 cerda

254 3710 319 3778 Pap.
333 3711 392 3765 207.
407 3711 450 3766 lin.
464 3711 506 3764 23.
526 3710 787 3782 appropinquentur:
800 3709 900 3778 corripe
912 3707 979 3762 fiant
990 3723 1090 3780 propa:

253 3795 320 3848 Isia.
333 3796 377 3848 lin.
391 3797 433 3849 32.
453 3796 707 3868 appropinquentur,
720 3795 820 3865 corripe
831 3794 1054 3866 appropinquant,

253 3882 318 3951 Pop.
330 3882 389 3934 209.
400 3882 496 3951 tulo,
506 3882 548 3936 11.
562 3886 591 3935 et
599 3880 823 3936 combinabuntur
830 3881 1072 3952 utriusquemotus,
1079 3879 1110 3934 id
1118 3886 1160 3935 ast
1167 3886 1258 3936 motus
1266 3881 1320 3936 sle-

217 3973 371 4022 mentorum
382 3967 462 4022 unius
473 3968 614 4022 moleculae
626 3969 674 4021 fiet
687 3967 835 4022 secundum
847 3968 936 4038 legem
949 3967 1048 4037 corripe
1061 3972 1090 4022 et
1103 3967 1229 4039 componi
1242 3986 1275 4023 ex
1287 3968 1321 4022 iis

216 4053 316 4128 poterit
326 4071 412 4108 unum
425 4059 543 4125 systema
553 4053 691 4126 resultans,
704 4053 807 4108 habens
816 4052 903 4124 legem

250 4143 320 4196 Itid.
334 4143 377 4196 lire.
393 4143 433 4194 13.
453 4140 565 4196 alterius
577 4139 677 4211 corrr‘ye
688 4139 827 4211 utrimque

251 4229 317 4298 Pap.
330 4228 389 4282 210.
404 4228 449 4282 lin.
465 4228 505 4282 10.
525 4232 586 4281 octo
598 4227 699 4297 corripe
710 4226 843 4281 molecula
855 4227 899 4280 vel

230 4357 232 4363 .
251 4316 316 4385 Pop.
329 4315 389 4369 211.
405 4315 448 4368 lin.
463 4315 487 4369 7.
507 4319 597 4369 motus
609 4311 764 4368 oscillatorii
777 4312 878 4382 corripe
889 4311 1046 4367 mechanica
