3186 4982
286 349 351 414 292
656 370 761 414 ranan
777 371 1014 418 oaronoorcua.
1245 353 1335 438 [car.
1354 373 1397 417 ιι.

288 535 364 591 salvs
381 533 539 591 substantia
577 533 623 590 Sic
640 539 720 608 gutta
738 551 816 609 aquae
834 535 887 591 erit
904 540 982 609 gutta
999 553 1085 610 aquas,
1105 537 1163 594 siva
1184 538 1314 610 quiescat,
1333 539 1396 594 sive

286 627 435 692 moveatur,
448 629 477 678 at
497 623 588 678 anima
604 623 656 678 erit
674 625 772 694 anima,
790 624 854 681 sivs'
865 626 967 698 cogitet
984 626 1018 681 de
1034 627 1087 682 hoa
1103 626 1162 682 sive
1182 625 1217 682 de
1235 627 1290 682 illo.
1327 627 1399 682 Non

287 717 380 767 tamen
397 729 476 767 omne
494 711 617 767 accidens
635 717 676 768 ast
693 714 790 769 modus
808 713 984 784 intrinsecum
1003 713 1132 769 (licuntur
1150 713 1224 768 anim
1241 713 1395 768 accidentia

287 797 370 854 etiam
382 813 443 870 quaa
455 798 588 854 resultant
600 817 634 854 ex
646 799 721 872 puris
732 799 908 855 relationibus
919 800 1085 869 extrinsecis,
1098 801 1132 855 (le
1143 800 1242 872 quibus
1253 799 1331 854 infra.

321 885 365 939 46.
384 883 542 940 Substantia
549 884 645 958 nequit
655 885 816 941 naturaliter
824 903 882 941 esse
893 886 952 940 sine
961 886 1051 958 aliquo
1063 887 1209 942 accidente.
1245 886 1329 940 Ratio
1341 892 1394 954 est,

287 971 352 1045 quia
363 971 450 1026 omnis
461 971 612 1027 substantia
623 988 685 1045 qum
697 978 740 1028 est
751 972 781 1027 in
791 991 881 1028 rerum
898 979 996 1028 natura
1007 978 1049 1028 est
1059 973 1207 1044 mutabilis,
1220 979 1248 1028 et
1260 973 1298 1028 sic
1309 973 1395 1028 babet

286 1057 316 1113 in
336 1057 424 1132 seipsa
443 1059 556 1114 modum
576 1059 696 1131 aliquem
714 1059 828 1128 essendi,
850 1059 899 1132 qui
916 1078 972 1114 non
990 1065 1033 1115 est
1051 1058 1105 1133 ipsi
1127 1060 1299 1115 necessarius.
1344 1059 1394 1114 Sic

287 1143 408 1214 materia,
422 1144 480 1201 sive
492 1145 528 1201 sit
545 1145 575 1200 in
586 1151 671 1215 motu,
684 1145 783 1201 accidit
795 1145 837 1200 illi
852 1151 951 1216 motus,
964 1146 1021 1202 sive
1033 1147 1070 1201 sit
1086 1146 1227 1218 inquiete,
1240 1147 1338 1202 accidit
1349 1146 1394 1200 illi

287 1232 379 1304 quies:
398 1238 524 1288 neutrum
541 1233 615 1288 anim
626 1233 803 1288 determinate
821 1234 1000 1290 necessarium
1014 1238 1056 1288 est
1071 1233 1230 1288 substantiae
1249 1233 1392 1288 materiali.

286 1319 358 1373 Item
379 1319 531 1374 substantia
549 1319 705 1392 spiritualis,
724 1337 809 1392 quum
831 1320 867 1375 sit
886 1319 1051 1393 principium
1070 1319 1163 1390 vitale,
1184 1320 1280 1391 nequit
1303 1337 1393 1374 carere

287 1406 361 1461 omni
374 1413 438 1462 actu
449 1407 529 1462 vitae:
549 1407 622 1479 quod
632 1412 724 1462 autem
736 1413 812 1462 actm
824 1407 916 1462 vitalis
927 1407 979 1462 hae
990 1407 1036 1462 val
1051 1407 1101 1461 illa
1112 1407 1216 1462 ratione
1228 1413 1392 1476 exerceatur,

288 1499 316 1548 at
333 1493 404 1548 circa
419 1493 472 1548 hoo
487 1493 532 1549 vel
549 1493 618 1548 illud
633 1493 777 1564 obiectum,
790 1493 843 1548 hoc
857 1493 968 1548 omnino
986 1493 1152 1549 accidentale
1170 1499 1220 1549 est
1256 1493 1331 1548 Hinc
1347 1511 1393 1548 se·

287 1580 388 1652 quitur,
400 1579 579 1634 substantiam
599 1579 657 1636 sins
674 1579 859 1636 accidentibus
871 1597 927 1635 non
946 1597 1004 1635 esse
1020 1580 1062 1635 ita
1078 1581 1248 1654 completam,
1260 1586 1292 1636 ut
1306 1581 1394 1654 possit

287 1665 399 1740 physice
411 1665 670 1722 existereinordine
681 1684 772 1722 rerum
783 1666 908 1722 naturali.
1288 1739 1291 1744 ⁴

323 1754 379 1809 Sed
394 1753 553 1809 aeacidem
570 1759 693 1809 sumatur
707 1755 794 1810 striata
805 1772 854 1828 pro
872 1753 964 1826 aliquo
979 1754 1052 1826 quod
1064 1753 1175 1810 advenit
1192 1753 1351 1810 substantia
1363 1759 1394 1809 et

286 1841 410 1912 recipitur
420 1840 450 1895 ia
467 1859 506 1909 aa,
518 1846 592 1909 tune,
604 1841 670 1897 licet
685 1841 762 1896 nulls
776 1841 814 1896 sit
831 1840 982 1896 substantia
993 1841 1051 1896 sins
1068 1841 1226 1897 huiusmodi
1243 1841 1393 1913 accidente,

286 1933 379 1983 tamm
391 1927 512 1983 absolute
524 1928 674 2001 concipitur
684 1946 762 2001 posse
774 1946 839 1983 esse.
865 1928 893 1981 N
894 1945 938 1982 am
949 1928 973 1982 si
985 1935 1118 1985 crearetur
1128 1946 1214 1983 unum
1227 1929 1394 1984 elemenbrm

286 2014 408 2072 materiae
426 2021 541 2085 tantum,
560 2016 663 2070 anullo
675 2016 805 2089 reciperet
821 2015 981 2089 passionem,
994 2021 1023 2070 et
1041 2021 1317 2088 consequenteresset
1333 2018 1394 2072 sine

287 2103 426 2159 accidente
438 2108 553 2175 recepto,
566 2107 595 2158 st
606 2102 732 2157 similiter
743 2102 767 2158 si
779 2107 912 2158 crearetur
927 2102 1046 2176 spiritus,
1057 2103 1103 2157 cui
1119 2104 1196 2174 nulla
1207 2104 1308 2177 species
1320 2105 1394 2160 aeci-

287 2189 404 2245 dentalis
419 2188 627 2262 imprimeretur,
639 2193 709 2244 amet
726 2189 785 2244 sine
801 2189 940 2244 accidente
955 2194 1071 2262 recepto,
1084 2190 1148 2262 quia
1160 2191 1273 2246 haberet
1284 2196 1395 2246 tantum

287 2277 456 2333 immobilem
474 2275 666 2332 conscientiam
687 2276 721 2330 de
741 2293 790 2330 suo
809 2293 875 2345 esse,
887 2293 948 2348 quae
967 2293 1023 2330 non
1042 2280 1085 2331 est
1104 2276 1236 2332 accidens.
1272 2277 1310 2333 Et
1330 2278 1394 2333 ideo

286 2365 439 2420 substantia
455 2369 488 2419 ut
504 2363 544 2418 sic
559 2368 649 2436 potest
666 2362 787 2418 absolute
806 2362 930 2433 existere,
942 2362 1037 2435 utique
1053 2363 1133 2418 modo
1151 2365 1242 2437 aliquo
1257 2363 1309 2421 sibi
1326 2383 1395 2420 con-

287 2452 419 2524 tingente,
431 2453 479 2506 sed
499 2451 557 2505 sine
575 2451 714 2506 accidente
732 2451 762 2505 in
780 2468 809 2506 se
827 2457 949 2522 recepto3
968 2457 997 2506 et
1011 2451 1077 2506 hinc
1095 2457 1135 2506 est
1153 2453 1234 2524 quod,
1247 2458 1394 2525 antequam

287 2556 479 2611 componamus
495 2537 675 2594 substantiam
696 2555 758 2592 oum
773 2537 823 2592 tali
844 2538 990 2606 accidente,
1008 2555 1149 2610 possumus
1167 2539 1308 2612 concipere
1328 2541 1394 2595 sub-

287 2625 416 2680 stantiam
427 2623 499 2680 utin
511 2642 540 2679 se
551 2624 662 2679 omnino
673 2625 837 2696 completam
849 2623 878 2676 in
890 2624 983 2678 ordine
996 2625 1031 2678 ad
1043 2641 1109 2679 esse.

322 2714 364 2768 De
375 2715 448 2770 facto
460 2718 552 2767 tamen
563 2730 619 2766 non
631 2712 726 2766 existit
737 2710 889 2766 substantia
902 2716 991 2767 creata
1002 2711 1060 2766 sine
1073 2712 1219 2782 accidente,
1231 2712 1315 2768 etiam
1325 2714 1354 2768 s'a
1366 2733 1395 2768 ae

286 2808 392 2873 recepto.
428 2800 514 2855 Ratio
526 2805 568 2854 est
579 2800 644 2871 quia
655 2817 733 2854 omne
746 2803 866 2854 creatum
875 2799 965 2852 tendit
976 2799 1011 2852 ad
1022 2798 1140 2871 aliquem
1151 2799 1242 2869 linem,
1256 2800 1291 2854 ad
1302 2802 1393 2854 mani·

286 2888 437 2944 testandam
460 2888 588 2942 videlicet
611 2886 732 2941 divinam
752 2885 902 2959 potentiam
924 2893 952 2940 et
971 2886 1140 2958 sapientiam,
1161 2888 1280 2960 aliasque
1303 2888 1394 2960 perfe-

287 2976 404 3031 ctiones:
423 2993 508 3047 quum
525 2980 616 3028 autem
628 2991 721 3028 omnes
732 2973 777 3028 hae
792 2972 949 3028 substantiae
961 2978 1085 3028 constent
1102 2980 1165 3029 actu
1177 2981 1205 3029 et
1220 2976 1350 3047 potentia,
1363 2981 1393 3029 et

287 3068 480 3136 consequenter
495 3062 614 3117 habeant
631 3059 800 3116 activitatem
820 3064 849 3114 et
865 3051 1059 3132 passivitatem,
1070 3066 1210 3132 nequth
1225 3061 1308 3115 finem
1325 3080 1392 3117 aon-

285 3151 363 3224 sequi
380 3149 434 3204 nisi
456 3149 560 3220 agendo
580 3153 609 3202 et
625 3146 753 3220 patiendo
774 3144 976 3200 accidentaliter
992 3145 1071 3201 iuxta
1090 3164 1167 3201 suam
1184 3151 1316 3202 naturam.
1353 3149 1393 3203 Et

286 3243 395 3311 propter
406 3236 457 3291 hoo
468 3236 542 3289 Deus
553 3252 608 3289 non
620 3233 723 3288 creavit
734 3250 821 3287 unum
832 3233 1004 3301 elementum,
1017 3233 1065 3286 sed
1075 3233 1170 3302 mults,
1183 3239 1215 3288 ut
1226 3234 1297 3289 actio
1309 3235 1391 3290 unius

285 3329 377 3402 posset
394 3327 423 3378 et
438 3321 549 3376 deberet
564 3319 648 3392 recipi
665 3319 695 3373 in
712 3319 774 3387 alio,
786 3323 816 3373 et
835 3336 890 3373 non
907 3318 1036 3390 relinquit
1054 3318 1217 3374 substantias
1237 3321 1391 3392 spirituales

285 3413 343 3467 sina
356 3410 461 3466 obiecto
472 3408 645 3480 imprimente
656 3406 780 3478 speciem.

320 3499 363 3554 47.
382 3498 417 3551 In
434 3495 550 3568 simplici
568 3493 719 3549 substantia
735 3511 790 3547 non
808 3491 884 3548 aliud
900 3493 1023 3549 accidens
1038 3494 1167 3568 recipitur
1181 3495 1234 3550 nisi
1247 3497 1344 3568 passio,
1362 3503 1391 3552 ct

286 3586 359 3660 quod
369 3583 526 3639 immediate
538 3580 660 3653 sequitur
671 3580 822 3652 passionem
834 3581 975 3635 actualiter
983 3581 1027 3636 vel
1038 3580 1214 3636 habitualiter
1223 3583 1285 3654 (VI.
1295 3601 1322 3638 n.
1331 3584 1388 3657 87).

322 3675 378 3730 Res
389 3677 479 3746 patet;
498 3688 563 3725 nam
574 3668 726 3724 substantia
737 3667 829 3722 subest
841 3668 974 3722 accidenti
986 3669 1031 3724 vel
1042 3668 1146 3722 ratione
1157 3669 1275 3739 termini,
1288 3670 1336 3742 qui
1348 3677 1390 3726 est

286 3762 408 3836 passivus
423 3758 580 3826 formaliter,
592 3756 638 3811 vel
654 3754 758 3810 ratione
770 3754 960 3826 complementi
978 3755 1051 3826 quod
1062 3761 1104 3810 est
1120 3756 1259 3828 passivum
1273 3757 1389 3812 resulta-

285 3851 350 3917 tive,
363 3853 487 3919 utsupra
498 3843 624 3898 diximus
661 3841 781 3896 Evidens
793 3845 884 3896 autem
896 3841 1021 3912 estquod
1033 3841 1184 3897 accidentia
1194 3842 1307 3898 relativa
1318 3859 1389 3916 prae·

286 3935 410 3990 dicantur
426 3931 536 4003 quidem
547 3930 581 3983 de
591 3927 727 4006 subiecto,
740 3925 788 3980 sed
799 3943 855 3980 non
872 3932 936 3980 sunt
947 3926 977 3981 in
988 3926 1116 3996 subiecto,
1129 3944 1213 3998 quum
1225 3933 1314 3982 totum
1331 3946 1389 3984 esse

286 4033 378 4076 eorum
390 4018 427 4072 sit
438 4035 490 4072 esse
501 4017 537 4070 ad
547 4020 663 4084 tantum,
676 4017 704 4067 et
715 4030 770 4066 non
782 4030 833 4066 essa
844 4011 873 4066 ia
885 4011 947 4083 (VI.
960 4029 987 4066 n.
1001 4013 1058 4087 46).

320 4106 380 4160 Nec
402 4103 494 4158 minus
517 4101 628 4157 evidens
650 4105 692 4154 est
714 4097 895 4153 substantiam
919 4097 1070 4171 simplicem
1093 4116 1147 4154 non
1170 4117 1248 4172 posse
1271 4100 1388 4173 recipere

286 4191 474 4264 quantitatem.
511 4187 593 4253 Quod
610 4186 710 4240 attinet
727 4185 762 4238 ad
773 4183 932 4255 qualitatem
950 4201 1010 4257 quaa
1025 4189 1068 4239 est·
1079 4184 1110 4238 in
1121 4185 1210 4257 specie
1227 4185 1344 4255 habitus,
1356 4201 1389 4241 aa

282 4278 399 4332 resultat
410 4294 445 4331 ex
456 4274 579 4348 passione
591 4277 698 4344 recepta
710 4270 772 4342 (IV.
780 4288 806 4324 n.
817 4270 875 4341 83),
885 4275 914 4324 et
925 4269 1101 4324 constituitur
1112 4271 1228 4342 quadam
1240 4272 1388 4326 resultante

285 4363 456 4438 passionum:
475 4361 544 4414 etin
557 4360 694 4413 elemento
713 4356 846 4412 materiali
858 4361 899 4410 est
912 4356 1017 4428 proprie
1028 4356 1073 4411 vel
1090 4356 1271 4428 aequilibrium
1282 4357 1326 4411 vel
1343 4356 1388 4411 di-
