3222 4984
285 353 352 416 230
723 371 766 414 nn
783 370 948 414 rnrrurro.
1230 347 1316 432 [cnr.
1333 367 1390 411 111.

330 549 384 610 88.
412 545 598 609 0111111188.
622 543 783 630 Quidquid
802 543 895 609 habet
914 542 1060 608 ultimum
1077 550 1124 608 est
1146 541 1280 606 linitum.
1326 539 1389 604 Sed

285 658 386 722 omnis
407 657 576 723 multitudo
598 657 692 722 habet
713 657 869 721 ultimum.
917 657 1013 741 Ergo.
1059 655 1161 721 Maior
1182 664 1229 720 est
1251 654 1386 719 evidens.

286 768 393 834 Minor
407 769 562 856 probatur.
608 770 762 834 Ultimum
782 768 885 848 estid,
901 768 983 834 ultre
1000 767 1084 853 quod
1103 777 1134 833 et
1149 775 1270 832 caeteras
1284 774 1387 851 partes

285 880 364 944 nihil
379 880 464 946 aliud
477 882 510 946 in
531 903 564 946 re
583 881 757 947 invenitur:
791 879 878 966 atqui
896 881 930 944 in
948 880 1033 944 omni
1053 879 1253 944 multitudine
1274 885 1322 942 est
1343 875 1388 954 id,

284 991 366 1056 ultra
380 991 464 1078 quod
478 1001 509 1058 et
524 1002 646 1058 caeteras
661 1001 763 1078 partes
778 991 856 1056 nihil
870 991 955 1057 aliud
965 992 1064 1071 inest3
1088 1013 1171 1076 ergo.
1213 991 1282 1054 Hoc
1293 1011 1387 1073 argu-

285 1114 424 1169 mentum
434 1105 526 1170 hebet
541 1113 572 1170 et
586 1104 647 1170 late
661 1103 785 1190 exponit
800 1103 893 1188 Greg.
909 1104 958 1168 De
972 1103 1125 1168 Valentia.

327 1215 509 1301 Respondeo
520 1215 640 1302 primo:
662 1216 689 1280 si
697 1223 913 1300 argumentum
927 1215 1050 1296 valeret,
1059 1213 1246 1299 impossibile
1260 1235 1384 1298 quoque
1473 1198 1482 1215 ⁴

283 1335 363 1392 esset
378 1329 539 1393 admittere
555 1327 789 1392 multitudinem
808 1328 842 1391 in
861 1317 999 1412 potentia
1017 1326 1181 1406 infinitam,
1197 1348 1265 1411 quoe
1281 1333 1387 1389 tamen

283 1461 302 1502 a
315 1439 459 1504 Valentia
472 1440 538 1504 inre
553 1439 737 1504 admittitur.
782 1439 861 1503 Vide
875 1438 957 1503 diota
967 1461 1000 1504 n.
1017 1441 1071 1504 86.

326 1553 509 1636 Respondes
524 1552 658 1617 secundo
678 1553 747 1618 dist.
762 1553 812 1615 M.
832 1560 880 1616 cst
894 1552 1030 1632 linitum,
1046 1551 1072 1616 si
1086 1550 1198 1616 habeat
1211 1547 1307 1616 etiam
1321 1549 1386 1635 pri·

283 1685 380 1742 mum,
397 1685 450 1728 seu
464 1664 589 1729 initium
604 1687 629 1730 e.
644 1665 706 1744 M„
721 1685 809 1728 secus
822 1686 852 1729 n.
864 1665 915 1729 M.
926 1671 957 1728 et
973 1663 1016 1728 sic
1030 1663 1149 1728 etiamsi
1163 1661 1264 1728 omnis
1278 1662 1385 1726 multi-

282 1774 359 1839 tudo
383 1776 511 1840 actualis
535 1776 661 1840 heberet
686 1775 844 1857 ultimum,
857 1775 959 1840 adhuc
982 1775 1062 1839 nihil
1087 1783 1275 1860 sequeretur.
1321 1773 1384 1840 sed

282 1895 427 1971 praterea
436 1911 465 1952 n.
477 1891 546 1953 min.
584 1889 634 1953 Ad
646 1889 858 1974 probationem
873 1890 941 1953 dist.
954 1890 1004 1953 M.
1017 1889 1042 1952 si
1051 1887 1130 1952 illud
1139 1889 1220 1952 ultra
1232 1887 1384 1972 significet

281 2008 366 2063 trans
380 2008 411 2064 et
425 2008 598 2085 opponetur
612 2001 651 2065 ad
666 2003 753 2080 citra,
768 2009 844 2064 tunc
865 2009 904 2064 tr.
920 2001 990 2078 M.;
1005 2000 1031 2063 si
1045 1998 1123 2063 illud
1137 2001 1218 2065 oltra
1233 1999 1385 2084 significet

276 2120 387 2194 preter
412 2111 460 2175 vel
483 2121 579 2192 entra,
603 2121 678 2176 tunc
704 2135 733 2176 n.
750 2113 799 2175 M.
824 2120 855 2176 et
880 2112 1123 2176 contradictincta
1147 2113 1218 2174 min.
1250 2135 1280 2175 n.
1305 2133 1383 2176 cona.
1417 2087 1421 2095 ¹

283 2221 375 2286 Ratio
397 2223 602 2288 distinctionis
625 2231 671 2288 est
693 2223 826 2288 evidens.
873 2223 955 2287 Nam
980 2223 1013 2286 in
1035 2221 1235 2286 multitudine
1260 2221 1380 2286 infinita

282 2336 443 2399 nominum
457 2334 648 2420 possibilium
665 2335 876 2420 unusquisque
891 2335 983 2398 horno
997 2333 1151 2418 possibilis
1171 2334 1266 2418 accipi
1279 2341 1381 2418 potest

282 2455 318 2510 ut
333 2445 383 2509 ille
399 2455 510 2530 preter
523 2469 609 2530 quem
623 2455 653 2510 et
668 2455 792 2510 caeteros
806 2467 870 2509 non
885 2454 931 2510 est
953 2444 1064 2530 aliquis
1079 2444 1177 2524 alius3
1200 2468 1264 2510 non
1278 2453 1382 2510 tamen

285 2557 344 2622 dici
358 2567 460 2642 potest
475 2558 558 2643 quod
570 2557 782 2642 unusquisque
797 2558 837 2620 sit
852 2557 999 2622 ultimus:
1032 2579 1129 2637 secus,
1144 2557 1199 2622 ubi
1214 2566 1294 2622 esset
1308 2581 1383 2643 pen·

280 2670 435 2734 ultimus?
458 2679 489 2734 et
503 2670 645 2755 primus?
701 2669 855 2734 Ultimum
879 2691 946 2734 csse
968 2670 1001 2732 in
1027 2669 1228 2734 multitudine
1250 2692 1315 2734 non
1334 2678 1381 2734 est

279 2783 395 2867 aliquid
410 2782 595 2862 absolutum,
606 2783 659 2846 sed
673 2781 854 2846 relativum:
877 2791 908 2846 et
919 2781 1069 2846 ultimitas
1080 2782 1251 2867 coneipitur
1264 2782 1381 2846 ratione

280 2893 487 2977 dispositionis
511 2893 624 2972 localis,
651 2892 698 2958 vel
721 2892 838 2956 ratione
861 2892 1017 2977 temporis,
1041 2892 1089 2956 vel
1118 2893 1236 2957 ratione
1264 2892 1381 2957 ordinis

279 3027 372 3088 quem
386 3013 470 3069 tenet
485 3027 650 3069 numerans
664 3005 698 3068 in
712 3005 913 3069 numerando.
958 3004 1027 3068 Iam
1040 3027 1111 3069 vero
1126 3006 1160 3069 in
1174 3005 1286 3070 actuali
1301 3005 1382 3069 mul-

281 3115 414 3180 titudine
429 3116 601 3180 excluditur
618 3114 765 3182 ultimitas
780 3117 897 3182 ratione
911 3115 1068 3200 temporis,
1084 3138 1181 3201 quum
1195 3124 1261 3181 tota
1275 3116 1381 3181 multi-

280 3225 356 3289 tudo
371 3234 443 3290 ectu
457 3227 565 3290 existat
579 3226 613 3289 in
628 3225 736 3290 eodem
750 3227 900 3292 instanti:
922 3226 1094 3291 excluditur
1104 3227 1255 3293 ultimitas
1263 3229 1382 3292 ratione

279 3337 397 3402 ordinis
409 3338 483 3403 facti
497 3361 516 3402 1
530 3346 721 3418 numerante,
737 3338 809 3424 quia
818 3338 870 3403 hic
881 3338 956 3403 ordo
971 3361 1034 3402 non
1049 3338 1143 3403 estin
1157 3338 1260 3420 rebus,
1275 3339 1329 3404 sed
1346 3340 1380 3404 in

280 3459 393 3530 mente,
408 3460 439 3514 et
462 3450 534 3536 quia
556 3472 722 3514 numerans
746 3459 847 3536 potest
873 3451 1006 3536 incipere
1028 3452 1272 3516 numerationem
1297 3451 1381 3516 unde

280 3563 355 3642 vult,
379 3571 410 3628 et
434 3563 540 3629 sistere
568 3563 622 3627 ubi
651 3562 728 3643 vult,
753 3549 846 3627 etiam
876 3584 939 3626 non
968 3561 1120 3646 completa
1147 3562 1380 3628 numeratione:

280 3675 430 3740 ultimitaa
449 3696 520 3740 vero
542 3675 659 3740 ratione
674 3672 883 3759 dispositionis
896 3673 1001 3738 loculis
1016 3672 1116 3737 solum
1130 3673 1163 3737 in
1179 3674 1271 3739 rebus
1284 3683 1380 3738 mate-

280 3788 405 3852 rialibus
420 3787 523 3851 lecum
537 3783 649 3850 habere
664 3795 784 3871 posset:
808 3793 840 3850 et
854 3785 881 3849 si
895 3791 1036 3870 ageretur
1051 3784 1089 3848 de
1104 3783 1304 3850 multitudine
1318 3787 1380 3870 spi·

279 3901 396 3965 rituum
411 3898 566 3964 evidenter
580 3897 799 3963 excluderetur.
846 3896 930 3960 Hinc
945 3896 1044 3963 dicere
1057 3895 1142 3980 quod
1152 3895 1186 3959 in
1201 3896 1286 3960 omni
1300 3897 1380 3960 mul-

279 4013 414 4076 titudine
433 4019 479 4075 cst
499 4011 544 4089 id,
560 4010 642 4074 ultra
658 4009 742 4095 quod
763 4018 795 4074 et
817 4016 940 4073 ceteras
961 4015 1064 4094 partes
1085 4029 1149 4072 non
1172 4007 1263 4073 detur
1284 4008 1379 4088 aliud,

278 4133 325 4190 est
347 4125 446 4190 dicere
467 4124 501 4188 in
515 4123 601 4188 omui
615 4122 818 4187 materialium
839 4121 1040 4186 multitudine
1061 4141 1126 4185 esse
1146 4119 1263 4206 aliquid
1276 4122 1380 4186 altimo

277 4241 339 4302 loco
354 4237 507 4321 positum:
531 4234 585 4299 sed
599 4234 638 4298 ed
652 4234 710 4298 hoc
724 4232 958 4318 significandum
978 4255 1041 4298 non
1061 4240 1127 4298 erat
1145 4253 1267 4296 necesse
1281 4232 1381 4298 dicere

284 4351 370 4414 Ultra
386 4348 464 4432 quod
476 4356 505 4411 et
520 4356 638 4412 ceteras
646 4355 770 4431 partes:
796 4345 870 4410 setis
884 4353 949 4410 erat
964 4345 1062 4410 dicere
1083 4347 1171 4410 Ultra
1186 4345 1272 4428 qaod.
1318 4345 1379 4410 Sed
