3222 4984
242 365 313 410 111.
331 344 401 428 111.]
552 365 755 410 1111111111
772 365 831 409 our
848 367 884 408 ru
903 364 1033 410 11111.
1283 349 1346 411 187

240 531 408 598 formaliter
433 542 610 618 spectatam,
626 543 662 598 ut
687 535 780 598 habet
801 533 950 598 rationem
971 531 1069 617 culpae
1086 556 1116 596 1.
1132 541 1194 597 aot.
1218 541 1346 596 111111.

242 644 319 710 Haec
339 645 469 710 obiectio
492 645 619 730 attingit
641 644 864 724 difficultatem,
880 667 972 729 quam
987 643 1123 728 theologi
1143 643 1346 707 communiter

240 753 363 818 solvunt
378 754 514 834 dicendo,
526 756 629 820 Deum
645 757 772 840 positive
783 755 860 820 velle
875 776 965 820 omne
980 754 1096 819 bonum
1109 754 1192 839 quod
1207 754 1344 838 sequitur

241 889 277 930 111
298 866 389 946 malo,
404 866 475 930 licet
493 866 609 931 malum
630 867 733 951 ipsum
753 876 790 931 nt
807 868 850 932 sic
873 889 936 932 non
951 867 1034 932 velit.
1081 865 1142 931 Sed
1157 865 1228 930 addi
1244 865 1343 946 debet,

241 977 324 1062 quod
345 978 467 1062 proprie
488 977 609 1044 nullum
632 977 749 1043 bonum
772 978 910 1065 sequitur
925 1001 962 1042 ex
976 979 1066 1062 culpa
1081 979 1110 1042 vi
1124 977 1220 1062 ipsius
1236 977 1343 1061 culpae,

240 1089 293 1152 sed
316 1089 353 1152 ad
375 1112 530 1154 summum
549 1111 585 1153 ex
603 1089 684 1155 facto
705 1090 863 1168 materiali,
882 1091 961 1154 circa
980 1089 1063 1175 quod
1084 1097 1221 1154 versatur
1243 1087 1344 1173 culpa,

239 1207 330 1283 prout
355 1199 470 1263 sactum
497 1198 658 1264 subiicitur
684 1199 787 1264 cursui
812 1199 922 1264 divina
945 1199 1186 1284 gubernationis.
1232 1198 1282 1262 sio
1307 1221 1343 1262 ex

240 1309 388 1373 occisione
401 1309 518 1374 Christi
533 1318 636 1374 secuta
651 1319 697 1374 est
712 1310 794 1374 salus
809 1309 927 1392 mundi,
943 1332 1006 1374 non
1021 1310 1094 1394 quia
1107 1309 1217 1373 occisio
1227 1307 1343 1372 Christi
1405 1374 1409 1379 ,

239 1422 299 1486 fuit
319 1430 488 1506 peccatum,
503 1422 557 1486 sed
579 1422 651 1506 quia
673 1423 816 1486 meritum
838 1423 946 1486 mortis
961 1421 1078 1486 Christi
1099 1430 1145 1485 est
1167 1421 1341 1486 infinitum:

238 1535 281 1599 ita
296 1543 331 1599 ut
347 1531 372 1597 si
388 1534 531 1598 Christus
546 1556 609 1598 non
624 1557 660 1598 cx
675 1534 791 1599 malitia
806 1535 991 1613 Iudaeorum‚
1008 1534 1061 1598 sed
1075 1556 1111 1598 ex
1126 1555 1226 1597 errore
1241 1533 1340 1597 invin-

238 1646 321 1710 cibili
335 1654 366 1710 et
383 1646 560 1730 inculpabili
575 1646 692 1711 occisus
706 1645 824 1725 fuisset,
840 1645 940 1710 adhuc
953 1647 1020 1710 eius
1037 1667 1120 1710 mors
1141 1644 1250 1709 fuisset
1270 1652 1341 1728 apta

237 1755 276 1818 ad
295 1756 518 1841 reparationem
540 1755 659 1820 mundi.
706 1756 790 1821 Hinc
810 1755 891 1820 salus
906 1755 1015 1819 mundi
1030 1779 1049 1818 a
1062 1755 1131 1819 Deo
1153 1754 1272 1818 intenta
1287 1776 1341 1838 per

238 1867 354 1931 Christi
378 1876 507 1932 mortem
534 1890 596 1931 non
622 1875 669 1932 est
692 1868 822 1952 positiva
844 1867 949 1932 volitio
972 1866 1069 1951 culpae
1085 1866 1270 1945 Iudaeorum,
1287 1866 1340 1930 scd

236 1979 366 2063 positiva
379 1979 485 2045 volitio
499 1979 573 2044 facti
588 1979 771 2044 materialis:
795 1981 866 2064 quia
881 1979 958 2043 ratio
976 1979 1084 2064 culpae,
1100 2001 1197 2063 quum
1215 1979 1255 2042 sit
1277 1979 1340 2062 pri-

235 2091 325 2170 vatio,
349 2091 471 2155 nullum
498 2091 635 2156 ordinem
662 2090 755 2155 habet
781 2090 819 2154 ad
844 2090 1009 2175 positivum
1033 2089 1159 2170 bonum,
1184 2088 1266 2174 quod
1292 2098 1339 2154 est

236 2202 386 2286 reparatio
402 2202 520 2268 mundi.

277 2314 331 2376 44.
359 2313 487 2376 Obiicies
509 2315 554 2377 4⁰.
587 2310 780 2376 Providentia
802 2310 924 2376 ordinat
945 2310 1045 2375 media
1067 2309 1105 2374 ad
1128 2311 1230 2375 finem.
1277 2310 1339 2374 Sed

232 2430 392 2506 peccatum
414 2431 445 2488 et
467 2423 533 2488 eius
554 2422 715 2508 permissio
737 2443 800 2486 non
823 2431 869 2486 est
891 2422 1027 2486 medium
1049 2421 1089 2486 ad
1106 2422 1209 2486 finem.
1254 2422 1337 2505 Ergo

233 2534 341 2619 nequit
356 2543 436 2600 stare
450 2544 609 2620 peccatum
624 2543 655 2598 et
669 2535 735 2598 eius
745 2533 904 2620 permissio
916 2555 985 2599 cum
998 2533 1198 2618 providentia.
1231 2533 1337 2598 Minor

231 2655 278 2709 est
292 2645 414 2710 evidens
430 2669 466 2710 ex
480 2646 677 2730 responsione
692 2645 891 2730 praecedente,
907 2653 937 2710 et
952 2642 1099 2730 probatur
1121 2644 1239 2722 adhuc;
1262 2666 1335 2710 nam

230 2778 294 2819 non
315 2765 417 2841 potest
439 2756 568 2823 inveniri
590 2780 682 2822 causa
703 2757 803 2821 finalis
826 2755 1034 2841 permissionis
1056 2756 1182 2840 peccati,
1205 2778 1273 2840 quae
1295 2755 1335 2819 sit

231 2867 326 2951 digna
341 2867 418 2932 Deo.

275 2978 455 3062 Respondes
471 3002 497 3043 1.
514 2979 564 3046 Μ.
580 2987 609 3043 11
620 2980 690 3042 mio.
708 2987 739 3042 et
755 3002 785 3043 1.
806 3001 885 3044 cons.
931 2977 1002 3042 Sola
1021 2977 1238 3063 consequentia
1259 2977 1334 3062 legi-

229 3089 305 3154 tima
324 3089 388 3154 haec
407 3097 464 3168 est,
479 3089 563 3174 quod
585 3089 776 3174 providentia
798 3089 899 3155 divina
916 3112 979 3153 non
994 3088 1114 3153 ordinat
1129 3098 1287 3174 peccatum
1302 3097 1334 3153 et

229 3201 294 3266 1111
309 3201 540 3286 permissionem
557 3201 595 3266 ad
610 3201 743 3287 aliquem
757 3201 861 3264 finem.
906 3201 948 3265 Et
968 3200 1033 3266 haec
1051 3201 1267 3285 consequentia
1286 3210 1333 3265 est

227 3313 393 3393 verissima,
409 3313 532 3398 quando
547 3313 650 3397 agitur
665 3313 703 3378 de
717 3296 903 3378 formalitate
923 3313 1049 3396 peccati,
1064 3312 1118 3376 sed
1136 3313 1221 3377 nullo
1241 3312 1332 3377 modo

228 3433 317 3490 nocet
332 3425 441 3489 divinae
455 3424 663 3508 providentiae.
709 3425 802 3488 Ratio
816 3434 873 3504 est,
884 3425 956 3508 quia
970 3424 1099 3508 privatio
1111 3424 1205 3488 debiti
1216 3424 1331 3489 ordinis

227 3537 260 3600 in
275 3544 345 3600 actu
360 3545 504 3601 creaturae
518 3559 582 3600 non
597 3545 643 3600 est
659 3537 781 3615 entitas,
797 3557 853 3600 noc
868 3535 1048 3620 producitur
1062 3535 1100 3599 ab
1119 3535 1221 3620 aliqua
1240 3557 1331 3602 causa

154 3705 158 3712 .
226 3647 383 3726 efficiente,
399 3647 453 3711 sed
475 3647 603 3711 resultat
626 3646 804 3731 simpliciter
826 3669 862 3711 ex
884 3646 1143 3730 positione-actus
1165 3646 1330 3710 materialis

225 3780 287 3823 nou
305 3757 447 3824 habentis
469 3758 585 3842 aliquid
607 3759 690 3842 quod
713 3758 824 3822 habere
847 3757 955 3823 debet:
978 3757 1096 3821 nullam
1118 3758 1214 3841 igitur
1234 3757 1329 3822 habet

225 3869 452 3954 proportionem
468 3868 507 3933 ad
523 3869 656 3954 aliquem
670 3869 784 3949 finem3
808 3869 879 3954 quia
898 3869 1028 3954 privatio
1050 3868 1217 3952 opponitur
1234 3868 1326 3934 bono.

226 3981 332 4058 Quum
346 4003 419 4066 ergo
442 3980 482 4044 ad
497 3980 715 4065 providentiam
732 3981 884 4064 pertineat
898 3980 1039 4044 ordinare
1055 3979 1154 4043 media
1167 3978 1207 4042 ed
1224 3979 1334 4060 finem,·

224 4093 347 4159 evidens
362 4093 463 4158 estad
477 4092 698 4176 providentiam
716 4114 779 4156 non
793 4091 945 4176 pertinere
960 4114 994 4155 ea
1005 4114 1073 4176 quae
1083 4090 1200 4153 nullam
1212 4090 1327 4155 habent

223 4205 449 4292 proportionem
480 4205 519 4269 ad
547 4206 651 4283 finem,
678 4204 738 4269 nisi
767 4205 800 4267 in
829 4205 887 4268 hoc
918 4226 1010 4266 sensu
1035 4210 1168 4282 tantum,
1189 4202 1281 4288 quod,
1302 4205 1328 4268 si

223 4317 326 4402 aliqua
340 4315 517 4381 huiusmodi
528 4315 720 4400 contingant,
732 4315 924 4400 providentia
936 4314 1091 4380 remedium
1102 4314 1163 4378 illis
1174 4337 1327 4404 opponere
