3222 4984
250 359 316 424 216
690 379 732 424 on
748 377 914 423 rnrrruro.
1212 357 1297 442 [cnr.
1314 377 1357 420 11.

251 545 365 608 minate
379 543 481 629 exigat
495 543 534 610 sd
549 566 635 608 suem
651 543 868 629 integritatem,
884 546 911 610 si
925 553 1028 609 temen
1043 543 1127 609 illem
1147 544 1267 625 habeat,
1282 566 1351 608 vere

251 677 386 740 peream
407 655 588 740 integretur.
633 655 744 720 Unitas
765 678 838 741 ergo
858 656 911 722 ills
930 665 1083 741 quatenus
1103 655 1202 740 positu
1219 655 1253 719 in
1275 655 1351 719 serie

250 776 297 833 est
310 766 478 851 integralis,
486 775 644 852 ¹qautenus
659 790 721 832 non
737 767 905 832 necessario
920 767 1061 852 ponende
1075 767 1108 831 in
1124 767 1200 831 serie
1213 775 1260 831 est
1275 767 1352 830 ecci·

252 878 400 944 dentalis:
423 879 506 964 quod
520 889 623 944 autem
638 901 744 944 verum
759 888 805 944 est
821 879 858 943 de
873 879 1001 960 unitate,
1017 879 1172 944 evidenter
1186 901 1290 942 verum
1306 887 1352 942 est

253 990 291 1055 de
305 990 411 1075 quevis
425 999 511 1076 parte
526 990 621 1055 finite.

295 1103 348 1168 26.
377 1103 503 1168 Obiieies
517 1105 562 1168 3⁰.
584 1102 632 1166 Ex
656 1102 714 1167 hoe
738 1111 925 1187 sequeretur,
951 1110 1052 1167 totum
1077 1123 1140 1165 non
1166 1124 1231 1166 esse
1254 1100 1352 1166 maius

253 1235 308 1277 sua
321 1221 417 1299 parte.
462 1212 544 1277 Nem
559 1235 640 1298 pers,
652 1212 684 1276 id
699 1223 755 1292 est,
771 1213 863 1278 series
879 1213 1031 1278 diminuta
1044 1234 1108 1276 une
1121 1219 1203 1292 nota,
1215 1212 1262 1276 vel
1272 1211 1353 1276 linea

253 1325 406 1389 diminute
420 1346 483 1388 uno
497 1324 584 1409 pede,
596 1333 728 1408 aequeret
744 1324 851 1388 seriem
866 1334 896 1388 et
911 1324 1023 1388 lineam
1037 1346 1101 1388 non
1116 1323 1310 1388 diminutam.

264 1513 267 1524 Ι
296 1436 478 1521 Respondeo
492 1459 522 1499 n.
541 1445 602 1501 ant.
626 1436 676 1500 Ad
697 1436 907 1521 probationem
931 1435 999 1500 dico
1019 1435 1102 1520 quod
1125 1435 1215 1499 series
1233 1435 1354 1499 infinita

253 1547 404 1611 diminute
419 1569 481 1610 une
495 1555 578 1626 note,
590 1559 621 1611 et
635 1547 715 1611 linea
729 1546 850 1611 infinita
864 1546 1016 1610 diminute
1030 1567 1093 1610 uno
1107 1545 1194 1631 pede,
1206 1566 1269 1609 non
1281 1555 1354 1609 sunt

251 1680 322 1742 pers
343 1655 429 1720 seriei
443 1656 491 1720 vel
510 1656 606 1736 lineae,
627 1657 681 1722 sed
700 1667 766 1722 tota
791 1656 881 1722 series
901 1665 931 1721 et
951 1664 1017 1720 tota
1033 1656 1113 1720 linea
1129 1656 1261 1736 infinita,
1283 1656 1353 1721 licet

252 1767 311 1832 alio
333 1767 425 1830 modo
445 1767 623 1832 accidentali
645 1777 719 1834 tota.
764 1767 945 1832 Differentia
962 1768 1057 1852 igitur
1076 1768 1158 1831 inter
1178 1769 1285 1832 seriem
1306 1768 1354 1832 vel

251 1879 363 1943 lineam
379 1900 447 1965 quoe
462 1878 573 1944 dicitur
596 1880 758 1960 diminuta,
773 1889 805 1944 et
824 1902 888 1943 non
909 1879 1101 1958 diminutam,
1116 1901 1180 1942 non
1202 1889 1248 1943 est
1271 1879 1354 1964 quod

251 1990 351 2077 prima
370 1990 410 2054 rit
423 2013 494 2076 pers
510 1991 659 2070 secundae,
677 1991 730 2056 sed
745 1991 828 2076 quod
842 1992 940 2077 prime
956 1991 995 2055 sit
1011 2000 1111 2055 totum
1127 1991 1354 2056 accidentaliter

252 2101 405 2166 diversum
422 2124 441 2165 a
463 2102 605 2167 secunde.
650 2103 742 2166 Ratio
756 2111 812 2183 est,
828 2103 900 2188 quia
914 2102 1065 2188 quidquid
1080 2101 1200 2167 videtur
1217 2102 1353 2167 ablatum

251 2213 284 2277 in
307 2213 395 2276 initio
413 2214 499 2277 seriei
513 2213 561 2276 vel
583 2213 680 2292 lineae,
695 2213 754 2277 elio
777 2214 867 2278 modo
880 2213 1103 2300 ¹aequivalenter
1124 2215 1299 2279 continetur
1320 2215 1352 2278 in
1457 2279 1462 2290 ,

252 2323 338 2387 seriei
350 2323 397 2388 vel
411 2324 499 2388 lineae
512 2323 726 2388 infinitudine:
748 2332 779 2387 et
795 2325 837 2389 sic
852 2347 906 2409 per
920 2325 1003 2389 illam
1016 2325 1200 2390 ablationem
1211 2349 1274 2391 non
1285 2350 1353 2391 vere

253 2443 394 2499 causatur
418 2434 592 2515 diminutio,
620 2435 672 2499 sed
699 2444 837 2499 mutetur
863 2445 983 2500 tentum
1010 2437 1200 2521 singularum
1217 2439 1352 2524 partium

251 2545 486 2609 numerabilium
503 2546 708 2610 denominatio
726 2547 769 2630 (n.
782 2547 852 2629 23).
898 2546 990 2624 Quod
1001 2548 1092 2612 series
1103 2571 1166 2612 non
1177 2550 1230 2613 fiet
1241 2549 1351 2629 minor,

253 2678 344 2741 supra
362 2670 517 2720 ostensum
538 2665 604 2722 est:
628 2658 710 2743 quod
730 2666 834 2721 autem
853 2659 886 2722 in
900 2657 981 2722 linea
996 2658 1116 2723 infinita
1131 2659 1211 2724 idem
1226 2660 1351 2741 accidet,

251 2767 294 2832 sic
307 2767 419 2832 directe
430 2767 550 2832 ostendi
560 2777 672 2853 potest.
711 2767 908 2854 Concipietur
918 2769 998 2833 linea
1008 2770 1081 2834 hinc
1092 2779 1123 2834 et
1133 2770 1206 2836 inde
1220 2772 1350 2837 infinita.

252 2879 378 2942 Certum
395 2888 441 2960 est
456 2879 548 2964 quod,
564 2880 749 2966 ubicumque
764 2880 796 2946 in
814 2903 849 2944 ee
870 2880 1007 2964 signetur
1025 2891 1185 2967 punctum,
1201 2896 1351 2969 punctum

252 2990 329 3054 illud
344 3013 462 3075 semper
477 2992 534 3056 erit
549 2993 582 3055 in
597 2993 718 3072 medio;
740 2992 866 3057 habebit
877 2977 962 3056 'enim
977 2993 1050 3058 hinc
1064 3003 1095 3058 et
1109 2994 1181 3059 inde
1199 2996 1351 3060 infinitam

253 3102 487 3186 longitudinem.
533 3103 700 3188 Signentur
714 3127 787 3188 ergo
803 3104 863 3168 duo
879 3112 994 3189 puncto
1008 3105 1047 3169 ed
1062 3106 1239 3172 distantiam
1258 3108 1352 3172 unius

251 3214 355 3298 pedis:
378 3224 543 3299 utrumqne
565 3215 622 3279 erit
643 3216 676 3279 in
695 3215 794 3292 medio
816 3215 903 3280 lineae
917 3216 1045 3280 infinitae
1055 3243 1064 3297 3
1087 3240 1157 3302 pers
1172 3240 1245 3302 ergo
1260 3217 1353 3282 inter-

251 3311 337 3410 cepta
352 3326 432 3390 inter
446 3327 508 3390 duo
522 3336 645 3412 puncta,
662 3328 722 3392 sive
738 3327 890 3392 tribuetur
904 3327 991 3392 lineee
1003 3350 1070 3414 quae
1085 3331 1217 3393 excurrit
1232 3329 1352 3394 infinite

251 3438 289 3502 ad
308 3437 454 3517 dextram,
482 3439 544 3503 sive
563 3439 717 3503 tribuetur
738 3439 826 3503 lineae
845 3461 913 3524 quae
936 3440 1067 3504 excurrit
1087 3440 1207 3504 infinite
1224 3441 1263 3505 ad
1279 3441 1352 3504 sini·

250 3559 355 3629 stram,
372 3572 473 3635 neque
495 3573 587 3614 unam
610 3573 708 3635 neque
731 3550 820 3614 eliam
842 3551 933 3615 faciet
955 3551 1078 3615 relative
1100 3552 1255 3616 maiorem.
1300 3552 1351 3616 Ad

249 3664 315 3728 hoec
328 3663 484 3747 infinitum
499 3671 529 3726 et
543 3662 666 3726 finitum
681 3661 795 3726 hebent
812 3685 843 3726 se
858 3672 1014 3746 tamquam
1034 3671 1134 3726 totum
1153 3671 1184 3727 et
1204 3686 1274 3748 pars
1294 3665 1353 3726 im-

250 3775 486 3860 proportionata,
497 3773 569 3858 quie
584 3782 707 3858 eccepto
720 3774 808 3837 finito
824 3773 970 3857 quolibet,
982 3783 1013 3837 et
1027 3772 1080 3838 illo
1095 3773 1240 3859 replicato
1255 3797 1352 3858 quan-

250 3899 317 3952 tum
340 3887 480 3965 volueris,
503 3908 672 3970 numquam
695 3885 850 3970 pervenies
872 3884 912 3948 ad
934 3885 1089 3950 infinitum
1100 3914 1109 3963 5
1133 3909 1206 3970 ergo
1228 3886 1352 3949 finitum

250 4022 312 4063 non
332 4007 379 4062 est
398 4020 468 4082 pars
487 3997 722 4082 proportionalis
742 3997 865 4076 infiniti,
882 3996 936 4060 sed
955 4004 1002 4060 est
1024 4019 1095 4083 pars
1117 3979 1352 4083 proportionalis

249 4109 374 4196 alt-erius
397 4109 477 4172 finiti
499 4109 533 4172 in
556 4109 678 4172 infinito
704 4107 920 4192 designabilis:
947 4106 1031 4192 quod
1057 4107 1082 4171 si
1110 4101 1239 4171 dicimus
1263 4129 1351 4191 saepe,

250 4222 372 4286 finitum
387 4243 453 4284 esse
467 4229 585 4304 partem
600 4220 723 4299 infiniti,
740 4219 915 4284 addendum
935 4227 980 4283 est
1004 4241 1133 4304 semper,
1148 4242 1213 4284 esse
1234 4230 1352 4303 partem

248 4333 467 4398 condolenter
488 4333 703 4415 integrantem,
718 4340 753 4394 ut
772 4354 864 4416 supra
878 4331 1093 4416 exposuimus,
1116 4332 1250 4417 integret
1266 4331 1348 4396 enim
