3222 4984
292 369 358 434 224
732 387 775 434 nn
791 385 954 431 mrrsrro.
1237 365 1323 452 [err.
1341 386 1397 429 ιιι.

291 551 375 617 enim
399 549 485 616 Deus
514 548 694 614 necessitate
724 571 786 613 suae
816 548 955 614 essentia
984 547 1112 612 infinitae
1142 555 1173 613 et
1198 548 1303 613 existit
1332 571 1396 614 non

293 661 392 728 solum
407 670 559 747 quatenus
582 670 628 725 est
650 660 684 725 in
706 661 838 726 essentia
859 659 1013 739 infinitus,
1030 659 1083 724 sed
1106 660 1197 725 etiam
1220 683 1276 746 per
1297 661 1395 746 ipsam

293 797 379 838 suam
393 773 548 838 infinitam
562 773 745 838 essentiam:
769 780 801 837 et
818 771 904 837 nulla
918 771 1084 836 infinitudo
1100 771 1271 858 comparari
1293 780 1395 857 potest

292 909 363 952 cum
375 885 477 951 divina
488 886 722 971 infinitate,quae
732 892 778 949 est
787 884 922 949 totaliter
930 883 963 946 in
973 883 1032 948 aha
1039 884 1130 948 linea.
1155 883 1397 968 Quaestioigitur

292 997 391 1062 solum
401 1005 548 1078 remanet,
561 1005 666 1061 utrum
674 995 771 1082 possit
782 995 910 1060 existere
925 993 1041 1079 aliquid
1056 994 1213 1059 infinitum
1225 995 1392 1060 secundnm

291 1109 495 1195 quantitatem
510 1107 573 1172 sive
588 1107 782 1186 intensivum,
799 1107 861 1170 sive
876 1105 1073 1186 extensivam,
1090 1106 1152 1170 sive
1167 1106 1341 1172 discretam.

334 1224 387 1287 34.
412 1220 570 1299 Quaeritur
580 1241 654 1304 ergo
669 1219 777 1304 primo,
792 1227 891 1284 utrum
899 1218 1041 1302 possibile
1055 1220 1095 1282 sit
1110 1220 1235 1285 cristae
1248 1221 1281 1283 in
1294 1219 1393 1302 aliquo

290 1334 559 1419 adiectosormcm
570 1332 776 1397 condemnem
790 1330 914 1415 infinita
928 1332 1118 1395 faternitatis.

334 1444 517 1529 Respondeo
532 1443 682 1528 negative.
727 1443 810 1507 Nam
826 1443 923 1506 forma
938 1441 1089 1506 eiusmodi
1110 1442 1232 1507 infinite
1254 1449 1390 1507 actuaret

291 1556 464 1622 subiectum
487 1556 520 1619 in
544 1577 605 1640 quo
628 1553 823 1639 reciperetur,
839 1563 870 1618 et
892 1564 1114 1638 consequenter
1133 1575 1197 1619 non
1220 1563 1390 1620 remaneret

291 1668 461 1733 subiectum
476 1666 509 1731 in
524 1667 671 1752 potentia,
687 1665 741 1730 sed
756 1676 835 1731 esset
850 1675 952 1730 totum
966 1675 1056 1731 actu:
1089 1666 1173 1751 quod
1194 1675 1298 1732 au'tem
1313 1675 1393 1731 esset

290 1789 391 1844 totum
407 1787 488 1858 actu,
504 1786 584 1842 esset
598 1801 694 1864 purus
709 1788 815 1843 actus:
848 1787 879 1843 et
902 1780 944 1843 ric
958 1801 1022 1843 non
1037 1788 1117 1844 esset
1131 1780 1263 1866 amplius
1278 1778 1394 1865 aliquid

289 1900 442 1956 creatum:
473 1889 557 1975 quod
582 1899 744 1975 repugnat.
790 1890 921 1975 Insuper
942 1891 1041 1955 forma
1062 1891 1191 1956 infinitae
1205 1890 1392 1956 intensitatis

291 2003 382 2069 debet
398 2025 463 2068 esse
473 2010 559 2067 actus
574 2001 725 2082 infinitus,
741 2002 862 2067 infinite
876 2003 1040 2088 perfectus,
1050 2002 1158 2068 saltem
1167 2004 1201 2067 in
1210 2027 1273 2068 uno
1282 2026 1392 2088 genere

289 2115 484 2202 perfectionis
495 2141 505 2194 3
537 2113 591 2179 sed
617 2113 717 2199 posita
742 2137 805 2179 una
830 2115 1017 2199 perfectione
1044 2115 1156 2180 actuali
1181 2115 1303 2180 infinita
1327 2138 1391 2179 non

288 2235 420 2313 possunt
442 2224 561 2289 excludi
587 2233 702 2290 caeterae
724 2225 925 2310 perfectiones
940 2226 1091 2291 infinitae:
1129 2234 1160 2290 et
1185 2226 1236 2302 sic¹
1251 2235 1388 2291 creatura

289 2339 401 2403 iterum
425 2337 512 2402 fieret
537 2336 634 2403 Deus.
690 2337 840 2402 Praeterea
855 2338 955 2402 forma
975 2337 1170 2404 accidentalis
1197 2339 1305 2424 nequit
1327 2362 1392 2404 esse

289 2450 450 2535 perfectior
465 2448 636 2513 substantia
651 2449 684 2513 in
699 2471 760 2534 qua
774 2457 821 2514 est
834 2476 841 2540 ι
865 2449 918 2514 sed
934 2449 1105 2514 substantia
1127 2449 1227 2515 omnis
1242 2450 1391 2534 receptiva
1454 2479 1461 2490 ·

289 2561 453 2626 accidentis
467 2569 514 2625 est
525 2561 631 2640 finita;
654 2583 727 2646 ergo
738 2561 845 2646 nequit
861 2561 927 2625 dari
940 2560 1038 2626 forma
1052 2561 1246 2627 accidentalis
1260 2563 1390 2628 infinita.

292 2673 374 2738 Hinc
389 2672 481 2737 etiam
504 2671 537 2736 in
559 2672 674 2737 visione
696 2672 834 2737 beatifica
849 2672 963 2756 specics
987 2672 1133 2756 impressa
1154 2673 1264 2738 animae
1284 2674 1390 2755 beata,

288 2783 359 2849 licet
382 2784 421 2849 sit
444 2784 689 2869 repraesentativa
709 2783 818 2848 obiecti
838 2783 961 2862 infiniti,
978 2784 1059 2868 quod
1079 2793 1125 2847 est
1146 2785 1242 2864 Deus,
1259 2808 1321 2850 non
1344 2795 1389 2851 est

289 2905 392 2960 tamen
403 2894 524 2958 infinita
538 2895 571 2958 in
586 2918 642 2974 suo
656 2918 731 2974 esse,
744 2904 774 2959 et
789 2917 852 2958 non
867 2895 987 2959 infinite
1002 2904 1198 2980 repraesentat
1221 2896 1387 2977 infinitum,

289 3014 325 3070 ut
349 3006 485 3090 theologi
505 3007 712 3070 consentiunt.
773 3005 993 3072 Concludimus
1016 3029 1090 3091 ergo
1112 3007 1303 3091 generaliter,
1327 3032 1390 3074 non

289 3138 377 3200 posse
402 3115 507 3179 haberi
529 3116 562 3178 in
595 3116 696 3200 aliquo
719 3116 856 3181 subiecto
886 3117 1016 3181 formam
1048 3118 1198 3183 intensive
1223 3119 1386 3184 infinitam.

289 3226 391 3304 Quare
427 3234 579 3312 repugnat
614 3227 778 3292 intrinsece
808 3229 890 3293 calor
924 3229 1064 3293 infinitus
1091 3229 1250 3309 intensive,
1280 3231 1388 3296 albedo

288 3339 438 3404 intensive
460 3339 591 3417 infinita,
624 3339 765 3404 velocitas
797 3339 918 3405 infinita
950 3349 1007 3405 etc.
1035 3342 1069 3405 in
1094 3342 1185 3407 rebus
1217 3344 1386 3427 corporeis:

289 3462 319 3516 et
336 3452 474 3516 similiter
487 3465 639 3536 repugnat
654 3451 687 3516 in
703 3452 805 3517 anima
825 3453 958 3517 humana
973 3476 1059 3518 amor
1073 3453 1224 3519 intensive
1239 3455 1388 3534 infinitus,

288 3563 393 3628 odium
408 3563 559 3626 intensive
571 3561 740 3640 infinitum,
752 3564 956 3658 apprehensio
967 3565 1117 3629 intensive
1129 3565 1253 3630 infinita
1269 3575 1328 3632 etc.

333 3677 385 3740 35.
409 3673 566 3751 Quaeritur
580 3674 724 3754 secundo,
734 3683 841 3739 utrum
857 3679 955 3759 possit
976 3679 1100 3741 ecfstcre
1114 3678 1229 3742 actuale
1244 3679 1390 3764 infinitum

287 3788 492 3853 multitudinis.

333 3897 514 3984 Respondeo
529 3897 705 3962 affirmative
716 3923 725 3976 3
748 3920 819 3961 narn
842 3897 919 3962 nihil
941 3921 1064 3982 prorsus
1085 3899 1196 3965 obstat.
1240 3903 1390 3967 Auctores

288 4011 371 4077 enim
397 4009 451 4096 qui
473 4008 659 4073 contrarium
680 4016 797 4088 tenent,
814 4009 882 4073 ideo
900 4017 1022 4072 tantum
1055 4010 1284 4076 multitudinem
1317 4024 1388 4078 actu

288 4122 440 4191 infinitam
454 4130 570 4206 negant
584 4143 649 4184 esse
663 4119 849 4204 possibilem,
865 4121 936 4206 quia
950 4130 1071 4207 putant,
1087 4123 1243 4187 infinitum
1258 4146 1324 4188 esse
1345 4125 1387 4206 id,

288 4257 349 4321 quo
365 4233 442 4297 nihil
456 4233 555 4297 maius
570 4231 686 4316 concipi
702 4239 812 4316 potest,
826 4241 858 4296 et
873 4255 963 4297 omne
981 4232 1136 4298 infinitum
1154 4257 1219 4300 esse
1241 4235 1387 4301 infinities

288 4345 454 4409 infinitum.
499 4343 596 4428 Atqui
610 4343 658 4407 hae
672 4343 805 4408 rationes
820 4351 892 4407 sunt
904 4343 996 4422 falsae,
1014 4353 1152 4430 utsupra
1171 4347 1213 4430 (n.
1225 4349 1265 4411 15
1282 4355 1312 4410 et
1328 4349 1381 4431 29)
