3222 4984
218 372 287 416 car.
304 353 359 436 11.]
518 375 560 417 ns
576 374 719 418 somnus
736 375 793 418 uns
811 376 848 418 ru
866 376 998 420 nunno.
1258 355 1321 418 177

217 537 316 602 Actus
331 547 431 604 autem
456 539 515 620 hic,
539 563 600 626 quo
623 540 765 606 voluntas
786 565 851 606 rem
875 565 965 627 qnam
982 542 1047 607 vult
1069 541 1254 627 exsequitur,
1274 551 1321 606 cst

218 649 386 715 formaliter
400 650 477 736 liber
490 651 524 716 in
538 651 605 737 ipse
616 653 781 733 voluntate,
791 675 860 739 qnae
874 655 966 718 simul
978 663 1007 718 et
1024 661 1195 738 perseverat
1209 654 1241 717 in
1251 661 1321 726 actu

218 760 340 826 volendi
362 761 489 848 aliquid,
512 773 543 829 et
565 774 611 829 est
635 766 680 830 vis
701 767 858 830 executiva
882 765 1069 850 principalis,
1094 765 1148 830 sed
1172 787 1236 829 non
1260 765 1319 828 nisi

218 872 379 937 causaliter
392 873 426 938 in
441 874 654 941 instrumentis
665 876 778 963 quibas
789 877 931 942 voluntas
941 877 1040 942 utitur
1051 876 1091 942 ad
1101 877 1319 942 executionem.

220 983 270 1048 Sic
285 984 435 1065 voluntas,
452 987 562 1068 utiam
577 999 648 1052 actu
663 987 777 1068 volens,
794 988 928 1074 applicat
942 988 1087 1054 virtutem
1103 1011 1188 1052 suam
1204 988 1320 1052 instru-

218 1104 372 1161 mentor.
394 1119 441 1180 gr.
464 1097 607 1164 brachio:
638 1099 720 1184 quod
742 1099 792 1164 hic
814 1099 933 1164 nullam
956 1109 1067 1164 notam
1089 1099 1320 1184 explicationem

217 1205 364 1292 postulat,
387 1230 483 1293 quum
508 1219 611 1294 pateat
637 1232 819 1276 concursum
844 1210 905 1274 Dei
930 1232 998 1274 cum
1026 1209 1184 1275 voluntate
1205 1210 1238 1273 in
1263 1210 1320 1274 hac

218 1319 337 1385 actione
358 1321 514 1388 executiva
531 1345 597 1386 esse
617 1322 848 1402 simultaneum,
871 1331 903 1386 et
926 1323 1091 1388 consistere
1112 1321 1146 1385 in
1168 1331 1323 1386 sustenta-

218 1432 301 1498 tione
316 1432 438 1500 virtutis
450 1435 572 1498 motivae
593 1434 670 1500 dum
691 1457 727 1498 cx
749 1443 820 1499 actu
842 1434 942 1518 primo
965 1434 1005 1498 ad
1027 1432 1197 1498 secundum
1211 1433 1325 1497 transit

218 1564 272 1626 per
287 1543 335 1606 sui
349 1543 595 1609 terminationem
606 1546 646 1609 ad
659 1546 868 1630 passivitatem
880 1545 1007 1609 brachii.
1037 1545 1204 1610 Brachium
1218 1553 1321 1611 autem

218 1663 338 1739 recepta
352 1656 487 1722 motione
501 1656 593 1722 habet
608 1680 640 1722 sc
655 1658 734 1722 sicut
749 1680 855 1722 omnes
870 1657 936 1722 aliae
951 1679 1049 1721 causae
1063 1657 1323 1736 instrumentales,

218 1765 256 1834 de
267 1765 611 1852 quibussupra·(n.13).
640 1768 683 1833 Et
694 1769 757 1834 haec
773 1769 811 1834 de
825 1791 977 1834 concursu
992 1769 1129 1833 sufficere
1144 1767 1326 1841 ridentur&

254 1933 268 1960 *
287 1930 375 1984 Datur
385 1930 468 1986 etiam
479 1949 622 1987 concursus
633 1935 844 2003 mpernaturalh,
853 1934 901 2005 qui
914 1932 1065 1988 destinatur
1072 1933 1106 1986 ad
1118 1936 1210 1987 actum
1218 1937 1321 1988 naturae

217 2018 288 2073 vires
300 2023 479 2091 superantem.
516 2019 560 2072 Ex
567 2019 728 2092 supradictis
735 2038 790 2074 non
801 2025 843 2074 est
854 2019 964 2074 difficile
973 2019 1125 2091 intelligere
1134 2020 1269 2090 quomodo
1277 2019 1324 2074 hic

218 2121 363 2159 concursus
381 2105 572 2178 concipiendus
589 2106 633 2162 sit
670 2107 701 2162 Si
719 2106 793 2162 enim
813 2107 887 2160 Deus
904 2106 949 2160 vel
967 2104 1066 2177 absque
1085 2104 1189 2160 obiecto
1207 2106 1328 2160 naturali

218 2190 357 2263 imprimat
367 2191 491 2264 speciem,
504 2209 538 2246 ex
550 2209 604 2263 qua
615 2193 729 2247 resultat
740 2197 831 2247 motus
842 2191 992 2261 effectivus,
1008 2191 1053 2245 vel
1069 2190 1170 2263 absque
1182 2209 1262 2262 opera
1273 2192 1325 2246 ho-

219 2273 301 2327 minis
312 2274 425 2328 suscita
435 2274 537 2347 species
549 2274 652 2346 aliquas
665 2292 699 2328 ex
711 2274 753 2344 iis,
775 2291 836 2346 quae
849 2273 1026 2328 habitualiter
1037 2279 1148 2327 manent
1160 2273 1188 2325 in
1200 2273 1267 2345 ipso,
1280 2274 1325 2326 vel

219 2359 273 2414 alio
290 2361 372 2416 modo
389 2360 441 2415 sibi
457 2365 522 2415 noto
539 2366 648 2416 moveat
665 2360 851 2433 passivitatem
868 2359 980 2414 affectus
1000 2359 1073 2431 (quae
1092 2358 1184 2412 omnia
1199 2359 1326 2414 dicuntur

219 2447 341 2502 motiones
344 2448 459 2519 proenioe,
467 2449 569 2502 omitia
575 2448 771 2518 provenientia,
779 2447 1084 2518 metamaucensium),
1093 2452 1169 2502 actus
1177 2447 1235 2502 sive
1244 2463 1324 2519 spon-

218 2531 300 2601 tanei,
313 2532 370 2588 sive
382 2531 469 2602 liberi,
482 2532 529 2604 qui
541 2532 758 2588 terminabuntur
768 2532 803 2587 ad
815 2531 921 2588 obiecta
932 2531 982 2586 sub
998 2531 1097 2586 talibus
1110 2530 1258 2585 rationibus
1270 2532 1324 2585 for-

219 2619 334 2674 malibus
345 2619 480 2674 voluntati
496 2621 641 2692 proposita,
660 2626 740 2674 errant
756 2619 980 2696 supernaturales,
993 2618 1144 2691 etquidem
1156 2619 1324 2672 tumintrin-
1425 2611 1428 2617 '

218 2719 279 2774 eece,
298 2705 363 2778 quia
374 2706 509 2762 obiectum
523 2706 635 2762 formale
652 2706 770 2779 pertinet
784 2706 819 2759 ad
834 2706 981 2760 intrinseca
993 2710 1079 2773 actus,
1092 2710 1152 2758 tum
1165 2705 1289 2776 ὠίεσιίυο,
1302 2706 1325 2759 si

219 2793 302 2850 etiam
313 2792 449 2848 obiectum
460 2794 598 2849 materiale
607 2793 644 2848 sit
652 2793 862 2866 supernaturale.
900 2793 964 2865 Ipsa
972 2809 1036 2847 vern
1047 2792 1203 2847 terminatio
1215 2793 1330 2848 virtutis·

218 2879 340 2938 volitivae
352 2881 388 2935 ad
399 2880 454 2935 tale
472 2879 609 2934 obiectum
626 2879 760 2952 indigebit
777 2881 835 2934 solo
853 2879 987 2934 ordinario
1005 2896 1137 2934 concursu
1154 2879 1323 2957 simultnneo‘

218 2967 266 3040 qui
283 2971 374 3022 tamen
391 2985 446 3021 non
463 2966 568 3021 dicetur
584 2966 700 3039 amplius
718 2966 858 3036 naturalis,
871 2965 919 3020 sed
931 2965 1147 3038 supernaturalis,
1166 2964 1231 3037 quia
1249 2971 1325 3022 actus

218 3071 267 3126 per
283 3071 347 3108 aum
363 3053 467 3126 positus
485 3057 526 3107 est
543 3052 761 3125 supernaturalis,
774 3058 802 3107 et
818 3065 961 3108 'concursus
980 3051 1170 3107 denominatur
1181 3069 1197 3106 a
1209 3053 1325 3106 termino

218 3143 253 3197 ad
264 3159 347 3214 quem
357 3142 444 3197 dabir.

253 3229 328 3286 Hinc
339 3229 423 3284 etiam
434 3247 488 3284 non
500 3235 541 3284 est
552 3229 662 3285 difficile
678 3229 830 3301 intelligere
846 3230 981 3300 quomodo
993 3228 1067 3282 Deus
1079 3232 1230 3282 creaturam
1242 3229 1324 3285 ratio-

218 3316 308 3371 nalem
320 3315 409 3370 eleret
420 3315 455 3370 ad
466 3321 562 3370 mum
573 3317 802 3387 aupemturalem.
840 3316 910 3370 Haec
929 3314 1054 3384 elevatio,
1066 3331 1127 3386 quse
1140 3314 1268 3386 recipitur
1279 3332 1326 3387 par

218 3403 330 3458 modum
341 3401 460 3464 habitus,
472 3401 552 3457 debet
563 3402 623 3456 fieri
635 3420 683 3474 per
698 3402 880 3468 collationem,
899 3418 947 3454 sen
965 3399 1127 3455 infusionem
1139 3400 1282 3454 habituum
1296 3401 1324 3453 in

218 3488 360 3543 intellectu
371 3492 400 3542 et
407 3488 563 3543 voluntate:
581 3488 714 3560 quidquid
730 3493 822 3542 autem
838 3486 998 3554 infunditur,
1016 3486 1146 3558 recipitur
1157 3486 1186 3539 in
1197 3487 1326 3559 potentiis

218 3574 347 3646 passivis,
365 3579 394 3628 et
413 3574 452 3629 sic
473 3575 589 3630 elevatio
606 3574 817 3647 supernaturalis
833 3591 892 3636 non¹
907 3573 940 3626 fit
954 3573 1087 3627 movendo
1108 3572 1239 3628 vhtutem
1257 3574 1325 3632 ecti-

217 3677 281 3715 vam
292 3659 448 3715 intellectus
460 3666 488 3715 et
499 3660 657 3728 voluntatis,
670 3660 718 3715 sed
729 3659 923 3714 introducendo
941 3658 970 3711 in
987 3658 1172 3731 passivitatem
1185 3659 1325 3730 utriusque

219 3747 324 3803 obiecta
343 3746 466 3800 formalia
485 3746 706 3818 supernaturalia,
726 3750 774 3799 aut
793 3744 942 3799 ordinando
963 3743 1200 3815 supernaturaliter
1220 3744 1325 3798 obiecta

217 3833 342 3888 formalia
358 3851 448 3888 rernm
465 3833 624 3888 naturaliter
640 3835 833 3904 perceptarum.
870 3829 944 3884 Hinc
962 3829 1106 3885 habebitur
1123 3829 1152 3883 in
1163 3829 1274 3886 homine
1287 3830 1326 3883 sic

218 3920 323 3975 elevato
335 3925 364 3975 et
377 3920 499 3974 ordinato
511 3937 670 3992 permanens
682 3918 796 3973 lacrdtas
808 3917 1048 3989 supernaturaliter
1058 3916 1165 3987 agendi.
1366 3966 1368 3969 .

253 4007 382 4075 Tandem,
395 4007 467 4078 quod
479 4007 579 4060 attinet
591 4006 625 4060 ad
636 4005 751 4077 gratiam
763 4004 986 4070 sanctificantem,
1008 4021 1056 4057 seu
1077 4009 1186 4074 gratum
1207 4002 1266 4056 Deo
1283 4003 1325 4057 fa·

218 4092 343 4160 cientem,
356 4090 530 4163 probabiliter
542 4090 596 4146 dici
608 4096 706 4163 potest,
719 4108 780 4144 eam
792 4087 973 4144 consisterem
983 4088 1042 4160 ipsa
1054 4087 1221 4142 ordinatione
1233 4104 1326 4159 snper-

218 4178 335 4232 naturali
352 4178 522 4249 perdurante,
536 4177 566 4230 in
577 4181 711 4248 quantum
727 4177 809 4230 homo
823 4176 861 4234 sic
879 4175 976 4229 intime
989 4193 1005 4228 a
1016 4174 1075 4228 Deo
1090 4173 1328 4247 supernaturaliter

159 4321 161 4326 ,
219 4264 360 4318 ordinatus
380 4262 497 4333 quiescit
517 4262 559 4332 (et
578 4261 688 4333 quidem
705 4261 796 4329 libere,
818 4261 843 4314 si
863 4262 899 4315 sit
917 4261 1038 4330 adultus)
1060 4260 1088 4312 in
1108 4259 1327 4315 coordinatione

219 4367 332 4421 eamque
344 4349 442 4420 diligit.
479 4349 561 4402 Patet
570 4353 661 4404 autem
671 4347 803 4402 eimmodi
812 4347 928 4418 gratiam
946 4345 1145 4401 santificontem
1156 4363 1213 4400 esse
1226 4347 1255 4400 in
1266 4346 1326 4400 aab·

264 4459 339 4501 VOL.
358 4458 413 4501 111.
1128 4455 1150 4496 N
