3222 4984
211 385 281 431 cae.
299 365 371 451 nn]
651 383 694 426 nn
711 383 875 427 rnvnmvo.
1253 365 1319 430 223

211 578 345 643 nihilum
359 576 536 642 absolutum
550 596 614 640 non
629 576 730 642 differt
745 599 764 641 a
778 577 898 662 seipso;
921 597 995 660 ergo
1006 575 1239 642 infinitcsimum
1253 599 1318 643 non

212 689 407 755 est·nihilum
423 687 610 752 absolutum.

256 800 464 866 Infinitesima
477 799 669 884 accipiuntur
682 799 715 863 in
730 799 903 885 quantitate
917 797 1065 863 continua
1078 806 1213 878 tantum,
1228 799 1261 864 id
1270 809 1317 865 est

212 912 247 975 in
270 912 440 990 velocitate,
467 910 566 994 spatio
587 931 732 994 percurso
754 919 785 974 et
813 918 969 995 tempore:
1001 918 1033 975 et
1053 910 1169 975 habent
1183 912 1264 977 inter
1286 935 1318 977 se

212 1023 391 1088 relationem
416 1043 509 1107 quam
532 1020 606 1085 alibi
623 1021 758 1086 diximus
777 1021 827 1106 (de
849 1021 949 1086 tribus
971 1021 1126 1088 continuis
1140 1045 1173 1087 n.
1190 1025 1243 1104 81,
1260 1024 1315 1108 82)

214 1156 324 1219 nempe

614 1241 649 1306 da
756 1242 796 1306 du

606 1316 721 1409 ,ᾖξαν
755 1317 867 1407 ᾗξυι

214 1456 461 1543 repraesentando
473 1477 558 1541 pers
580 1454 724 1539 spatium,
739 1476 795 1539 per
816 1477 837 1518 u
858 1454 1059 1537 velocitatem,
1074 1479 1129 1542 per
1150 1465 1164 1522 t
1184 1465 1317 1546 tempus,

215 1591 271 1654 per
286 1593 304 1633 v
319 1569 471 1633 actionem
487 1566 737 1632 acceleratricem.
780 1565 925 1631 Diximus
940 1576 1043 1633 autem
1058 1568 1184 1649 ibidem,
1198 1570 1318 1637 instans

215 1681 400 1748 indivisibile
415 1690 446 1746 et
461 1690 583 1765 tempus
598 1679 834 1744 infinitesimum
849 1679 1000 1765 distingui
1015 1689 1173 1768 tamquam
1188 1692 1273 1748 stans
1287 1695 1318 1749 et

215 1796 314 1860 fluens
322 1821 333 1875 ;
354 1795 475 1860 etidem
492 1792 552 1857 dici
565 1801 669 1874 posset
685 1792 723 1856 dc
738 1791 856 1876 spatio;
879 1812 952 1856 nam
967 1803 1119 1877 punctum
1133 1794 1319 1861 indivisibile

215 1915 246 1972 ct
268 1909 402 1994 spatium
417 1905 654 1970 infinitesimum
667 1904 782 1968 lineare
797 1903 945 1968 differunt
961 1905 1132 1970 secundum
1147 1908 1231 1992 quod
1256 1909 1320 1994 pri-

216 2043 303 2084 mum
327 2025 474 2084 connotat
504 2016 639 2102 quietem
672 2023 704 2079 et
733 2015 882 2101 accipitur
910 2017 1028 2097 statice,
1052 2019 1221 2084 secundum
1250 2041 1320 2084 vero

217 2137 364 2196 connotat
378 2138 500 2193 motum
513 2127 675 2192 cuiusdam
689 2125 857 2191 velocitatis
873 2136 904 2192 et
918 2128 1066 2214 accipitur
1075 2130 1243 2216 dynamice.
1272 2132 1321 2196 Ex

181 2327 183 2332 Ι
218 2266 280 2328 quo
310 2241 420 2306 deduci
448 2249 550 2325 potest
576 2238 660 2324 quod
685 2238 921 2302 infinitesimum
952 2241 1148 2307 materialiter
1176 2265 1194 2306 a
1222 2242 1320 2307 nihilo

218 2354 344 2420 relativo
359 2373 422 2416 non
437 2352 548 2432 differt,
565 2351 619 2416 sed
633 2350 736 2415 differt
753 2350 942 2417 formaliter:
964 2352 1097 2417 nihilum
1119 2362 1222 2419 autem
1243 2355 1321 2421 rela-

156 2487 163 2500 ·
218 2467 316 2532 tivum
330 2487 394 2530 non
408 2474 454 2530 est
469 2464 530 2528 nisi
544 2464 694 2529 terminus
709 2463 807 2543 entis;
842 2471 872 2528 et
887 2463 920 2528 in
934 2464 993 2530 hoc
1015 2487 1087 2530 casu
1109 2474 1155 2532 est
1170 2468 1320 2532 terminus

217 2600 273 2663 per
292 2599 385 2662 quem
401 2575 471 2640 fluit
495 2583 610 2654 motus,
633 2597 651 2638 a
676 2594 739 2658 quo
760 2574 908 2658 accipitur
930 2573 1099 2641 formalitas
1122 2579 1320 2645 constitutiva

218 2687 419 2768 infinitesimi,
434 2709 532 2772 quum
548 2695 652 2751 motus
674 2685 854 2770 quantificet
876 2687 1101 2772 quodammodo
1123 2691 1266 2774 spatium,
1289 2700 1320 2755 et

218 2803 319 2866 fluxus
333 2801 366 2864 in
382 2799 466 2863 omni
481 2799 611 2863 instanti
625 2797 718 2862 etiam
733 2797 910 2862 indivisibili
925 2799 1005 2864 dicat
1020 2800 1157 2865 ordinem
1172 2825 1191 2866 a
1204 2811 1321 2888 prmcto

220 2912 259 2976 ad
282 2919 444 2995 punctum.
490 2909 551 2973 Hic
574 2917 676 2973 autem
699 2908 809 2973 modus
832 2908 951 2973 dicendi
973 2910 1110 2975 ordinem
1133 2921 1321 2998 potestesse

221 3023 358 3088 dlversus
372 3029 464 3106 prout
480 3021 600 3086 diversa
614 3029 660 3086 est
674 3020 817 3086 velocitas
831 3021 932 3085 fluxus
940 3045 950 3100 ;
981 3029 1013 3086 et
1034 3033 1159 3109 propter
1179 3025 1238 3091 hoc
1260 3027 1321 3091 duo

219 3132 419 3198 infinitesima
443 3140 574 3217 possunt
598 3132 710 3197 habere
736 3131 868 3196 diversas
891 3132 1102 3214 formalitates‚
1126 3135 1197 3200 licet
1220 3138 1322 3222 quoad

219 3246 376 3311 materiam
392 3244 583 3309 conveniant.
631 3243 692 3307 Sed
707 3242 745 3306 de
758 3241 879 3307 infinite
889 3245 988 3328 parvis
1000 3247 1074 3310 satis
1086 3247 1126 3311 sit
1133 3272 1144 3326 3
1166 3251 1320 3314 nonenim

220 3360 258 3425 de
271 3359 333 3423 illis
347 3357 559 3445 principaliter
570 3356 690 3442 agimus
704 3355 739 3420 in
749 3355 807 3420 hoe
821 3361 963 3420 tractatu.

660 3663 801 3729 CAPUT
824 3665 888 3732 III.

392 3859 448 3914 AN
465 3859 622 3916 Possnvr
639 3859 832 3918 EXISTERE
849 3862 1026 3919 INFINITA
1042 3865 1155 3924 ACTU.

266 4016 319 4080 33.
343 4012 507 4078 Infinitum
534 4015 657 4100 concipi
681 4025 782 4104 potest
804 4017 866 4082 tale
888 4041 953 4083 esse
968 4021 1137 4087 secundum
1153 4023 1325 4106 essentiam,

223 4125 270 4191 vel
286 4123 456 4189 secundum
478 4124 681 4208 quantitatem
694 4149 703 4189 a
727 4131 884 4212 quantitas
906 4138 1009 4195 autem
1025 4132 1170 4197 dividitur
1183 4135 1216 4199 in
1231 4138 1326 4200 interr·

222 4241 323 4318 uvam,
339 4238 519 4301 antoninam
533 4245 563 4300 et
578 4240 754 4304 numericam
768 4240 815 4306 vel
836 4241 1007 4308 discretam.
1053 4244 1145 4310 Posse
1167 4254 1198 4311 et
1218 4246 1327 4313 debere

223 4349 349 4413 existere
364 4347 523 4412 infinitum
539 4348 710 4414 secundum
725 4351 888 4419 essentiam
903 4354 983 4418 nulli
998 4353 1127 4420 dubium
1136 4365 1200 4422 est:
1223 4358 1326 4424 existit
