3186 4982
218 397 288 440 oar.
305 377 360 462 ιι]
584 398 691 442 1unnx
706 398 941 442 ouronoorcus.
1255 381 1319 443 297

218 561 312 616 Habet
323 578 387 633 ergo
399 561 495 616 relatio
507 560 641 617 unitatem
653 580 669 617 a
680 563 863 619 fimdamento.
900 563 956 618 Sed
971 562 1036 634 quia
1051 562 1145 618 eadem
1162 564 1250 617 fenne
1266 581 1322 618 non

219 651 308 719 potest
324 647 435 719 physice
453 649 569 703 existere
587 649 616 703 in
634 648 737 703 duobus
755 649 890 720 subiectis,
908 668 1016 705 necesse
1034 655 1083 719 eet,
1102 655 1133 704 ut
1151 651 1206 705 tale
1223 651 1322 705 funda-

218 739 340 787 mentum
361 733 510 788 formaliter
530 740 681 808 spectatum
704 735 747 806 (id
765 742 807 790 θεῖ
825 735 855 790 iu
875 736 979 791 ratione
998 737 1150 808 fundantis)
1175 737 1213 791 sit
1235 737 1322 792 forma

220 821 345 891 quaedam
362 838 418 875 non
436 827 467 876 ut
483 821 639 892 inexistens,
652 823 699 878 sed
714 829 744 876 ut
762 829 825 894 apta
837 825 924 894 iaaac,
937 823 966 878 id
978 828 1020 877 est
1031 823 1117 877 forma
1133 823 1259 896 quaedam
1276 841 1322 878 oo-

219 907 307 978 gitata
318 912 395 962 extra
407 907 566 977 subiectum,
578 908 692 981 ideoque
704 909 881 979 universalis3
900 927 975 964 sectis
990 928 1045 965 non
1063 916 1154 984 posset
1169 910 1275 984 concipi
1292 915 1324 964 ut

221 998 285 1066 apta
305 994 341 1048 ad
360 995 503 1048 essendum
526 995 555 1049 in
580 995 692 1050 duobus.
728 996 791 1050 Duo
815 997 888 1051 enim
912 996 974 1051 alba
996 1015 1051 1052 non
1074 996 1176 1052 hebent
1199 998 1322 1052 eamdem

221 1097 332 1134 numero
357 1076 517 1150 albedinem,
541 1087 573 1135 ut
596 1088 686 1154 patet:
714 1087 743 1136 et
766 1088 959 1155 consequenter
979 1083 1074 1138 albedo
1095 1101 1156 1156 quae
1180 1101 1266 1139 unum
1289 1085 1325 1139 ad

222 1167 336 1221 altemm
355 1167 441 1222 trahit
459 1173 501 1221 est
520 1169 609 1222 albedo
626 1169 656 1222 in
677 1169 814 1238 conmuni,
827 1186 888 1240 quae
910 1173 952 1223 est
972 1187 1019 1223 ens
1040 1169 1167 1240 logicum.
1204 1169 1242 1223 Et
1262 1170 1323 1224 ideo

221 1253 311 1307 unitas
328 1253 467 1308 relationis
483 1259 524 1308 est
541 1259 650 1309 tantum
666 1253 763 1327 logica,
776 1273 860 1327 quum
878 1261 996 1327 nequeat
1013 1255 1106 1310 haberi
1123 1256 1209 1311 maior
1225 1256 1324 1327 unitas,

221 1357 303 1412 quam
315 1357 375 1412 quae
388 1340 531 1412 respondet
543 1339 637 1394 formae
650 1359 685 1394 ex
697 1359 751 1412 qua
761 1341 881 1395 resultat.
918 1341 957 1394 Et
974 1341 1039 1412 quia
1053 1343 1264 1415 unumquodque
1282 1350 1324 1398 est

222 1443 269 1482 ens
281 1426 352 1481 siout
363 1432 405 1481 est
417 1445 510 1495 unum,
522 1427 618 1481 relatio
631 1445 686 1481 non
698 1433 739 1481 est
751 1445 798 1481 ens
810 1427 863 1481 nisi
875 1427 961 1498 logice
975 1427 1037 1499 (VI.
1052 1446 1077 1482 n.
1090 1429 1148 1500 47).

258 1515 360 1568 Verum
377 1519 418 1568 est
435 1514 507 1586 quod
525 1510 629 1584 albedo,
643 1531 703 1586 qua
722 1519 763 1568 est
780 1513 987 1568 tundamentum
1005 1514 1199 1586 similitudinis,
1212 1533 1260 1588 per
1273 1517 1325 1571 hoc

209 1633 211 1638 .
223 1602 295 1673 quod
307 1601 389 1655 meiat
400 1619 458 1655 esse
469 1600 562 1656 album
572 1606 599 1654 et
611 1600 703 1654 album
715 1601 824 1673 ponitur
834 1601 863 1654 in
875 1619 932 1656 esse
944 1601 1055 1673 physice
1066 1620 1072 1655 ι
1091 1602 1138 1656 sed
1149 1620 1204 1655 non
1216 1603 1326 1676 ponitur

222 1688 252 1742 in
264 1707 319 1742 uno
331 1692 360 1742 et
373 1687 492 1743 identico
510 1705 568 1742 esse
585 1687 707 1760 physico,
726 1704 811 1758 quum
828 1693 944 1759 ponatur
954 1687 984 1741 in
1002 1687 1105 1742 duobus
1123 1687 1199 1757 albis,
1212 1705 1325 1761 quorum

222 1791 308 1829 unum
319 1792 373 1828 non
386 1779 427 1829 est
438 1774 520 1828 aliud
559 1773 629 1828 Sunt
641 1791 704 1846 ergo
722 1775 783 1829 dua
794 1791 906 1827 numero
918 1773 1055 1827 albedines
1067 1773 1096 1828 in
1110 1781 1242 1844 concreto,
1255 1775 1327 1830 sicut

224 1866 288 1915 sunt
305 1861 358 1915 duo
375 1861 451 1930 alba;
471 1866 498 1914 θῖ
516 1867 710 1932 consequenter
729 1877 784 1914 non
801 1878 836 1914 ex
857 1865 981 1914 concreto
1000 1859 1139 1931 albedinis,
1152 1862 1200 1916 sed
1221 1880 1255 1916 ex
1269 1863 1327 1918 sola

223 1947 348 2001 albedine
366 1948 395 2000 in
411 1947 548 2001 communi
564 1946 649 2019 accipi
666 1951 756 2018 potest
772 1945 841 2000 ratio
862 1964 909 2000 cur
928 1947 1020 2000 album
1034 1947 1069 2000 ad
1087 1947 1179 2002 album
1197 1948 1328 2004 referatur

223 2035 321 2089 audate
333 2034 471 2088 relationis.
508 2033 603 2087 Manet
618 2050 681 2105 ergo
696 2033 768 2104 quod
780 2031 876 2086 relatio
891 2031 928 2086 sit
944 2050 992 2086 ens
1008 2032 1143 2104 logicum:
1166 2035 1239 2106 quod
1252 2041 1328 2107 patet

225 2121 307 2175 etiam
319 2137 353 2172 ex
366 2119 424 2192 ipso
434 2119 565 2173 relectiones
576 2119 694 2189 nomine,
707 2117 780 2190 quod
793 2117 927 2190 significat
939 2135 986 2173 ens
996 2119 1139 2173 relativum
1153 2120 1182 2173 in
1194 2120 1327 2178 abstracto

225 2212 342 2260 tantum.
378 2204 417 2258 Et
432 2205 493 2259 heac
509 2211 549 2260 est
560 2204 629 2259 ratio
646 2209 850 2277 propterquam
865 2204 954 2258 solum
970 2221 1017 2258 ens
1029 2204 1227 2260 intellectivum
1239 2213 1330 2279 potest

184 2301 189 2310 “
225 2293 385 2348 relationem
402 2292 551 2365 percipere3
577 2292 665 2347 solum
684 2291 758 2346 enim
776 2309 823 2345 ens
844 2290 1042 2346 intellectivam
1065 2296 1156 2363 potest
1175 2291 1263 2347 facere
1280 2311 1328 2348 ens

224 2379 346 2447 rationis,
358 2379 415 2433 sine
428 2397 481 2450 quo
494 2379 585 2434 unitas
597 2378 735 2432 relationis
748 2377 853 2450 concipi
865 2377 967 2448 nequit

260 2467 302 2520 58.
322 2466 361 2520 Et
368 2466 429 2520 hae
437 2466 531 2519 valent
542 2466 575 2519 de
585 2465 645 2536 ipsa
654 2464 792 2532 relatione,
801 2481 826 2518 v.
838 2481 875 2535 gr.
885 2463 1070 2518 similitudine.
1102 2463 1157 2518 Sed
1165 2466 1328 2521 transeundo

225 2554 258 2609 ab
276 2553 410 2608 abstracto
425 2553 548 2606 rotatim
563 2551 599 2605 ad
616 2557 771 2606 concretum
787 2549 932 2618 recavum,
949 2549 1021 2621 quod
1042 2554 1084 2604 est
1104 2551 1243 2606 relationis
1262 2551 1327 2608 sub-

225 2640 335 2709 iectum,
349 2644 378 2693 et
389 2637 462 2710 quod
481 2637 586 2710 proprie
607 2637 636 2690 ia
659 2642 785 2708 quantum
804 2636 948 2704 reatinum,
960 2655 986 2691 v.
999 2653 1038 2707 gr.
1050 2637 1143 2705 simile,
1156 2642 1198 2691 est
1214 2655 1260 2692 ens
1281 2656 1329 2712 per

226 2726 307 2793 aliud,
316 2721 455 2779 sciendum
467 2728 509 2778 est
520 2723 593 2794 quod
604 2723 659 2776 tale
671 2727 826 2776 concretum
837 2722 936 2776 dicitm
946 2724 1053 2777 realiter
1060 2723 1212 2793 relativum,
1222 2726 1329 2796 quando

227 2813 255 2865 1ο
266 2812 335 2866 illud
347 2816 501 2866 concretum
507 2816 549 2864 est
556 2811 635 2878 reale,
645 2815 673 2864 et
685 2809 713 2862 2⁰
724 2808 839 2863 refertur
846 2809 880 2862 ad
891 2809 1039 2862 terminum
1051 2809 1158 2878 realem,
1169 2815 1197 2865 et
1208 2813 1237 2864 3⁰
1248 2811 1331 2866 refer-

227 2901 272 2950 tur
283 2902 391 2969 propter
403 2895 506 2966 aliquid
518 2896 590 2966 quod
603 2895 702 2968 pariter
713 2900 756 2948 est
767 2893 845 2948 reale.
883 2893 929 2949 Sic
940 2901 1095 2950 concretum
1101 2903 1181 2966 pater
1192 2903 1234 2952 est
1249 2898 1331 2954 bomo

227 2983 306 3036 realis
318 2983 419 3036 relatus
431 2981 466 3034 ad
478 2979 624 3034 terminum
635 2981 743 3050 realem,
752 2998 849 3053 nempe
860 2981 956 3048 filium,
966 2986 1075 3054 propter
1082 2983 1182 3037 realem
1189 2985 1330 3059 rationem,

227 3085 289 3140 quae
303 3073 344 3122 est
356 3066 493 3140 generatio
504 3066 595 3120 illius:
614 3072 642 3120 et
652 3066 715 3120 ideo
727 3067 883 3139 paternitas,
894 3085 954 3138 quae
967 3067 1008 3121 illi
1020 3063 1147 3124 tribuitur
1160 3070 1227 3142 (non
1239 3078 1331 3146 autem

229 3173 287 3226 qao
301 3155 342 3208 mi
355 3155 428 3222 inea,
442 3153 506 3225 quia
525 3153 619 3207 relatio
641 3159 683 3207 θεῖ
703 3154 738 3207 ad
756 3154 867 3225 aliquid,
880 3173 935 3209 non
951 3159 1044 3208 autem
1060 3155 1090 3210 in
1104 3156 1218 3228 aliquo),
1234 3159 1333 3215 dicitur

228 3241 307 3294 realia
314 3240 413 3308 relatae,
423 3238 452 3293 in
462 3243 596 3310 quantum
604 3239 761 3293 denominat
774 3258 836 3293 eum
848 3241 962 3308 realiter,
973 3245 1001 3294 et
1012 3241 1121 3312 quidem
1134 3243 1167 3297 ab
1178 3243 1332 3314 intrinseco,

228 3332 346 3398 patrem:
366 3343 421 3380 non
432 3343 496 3380 vero
515 3325 588 3396 quod
604 3325 663 3398 ipsa
678 3325 774 3379 relatio
792 3325 828 3379 sit
845 3325 935 3397 aliqua
950 3343 1022 3380 nova
1033 3328 1131 3382 entitas
1143 3331 1292 3385 secundum
1304 3350 1332 3386 θθ

229 3413 258 3467 in
274 3431 362 3467 rerum
378 3417 491 3481 natura,
509 3412 616 3466 nullmn
634 3413 708 3466 enim
727 3412 892 3467 abstractum
914 3413 1008 3468 existit
1028 3414 1081 3468 nisi
1099 3415 1129 3468 in
1149 3418 1289 3486 concretis,
1306 3425 1334 3472 et

229 3505 382 3554 concretum
398 3505 475 3570 pater
492 3517 546 3553 non
563 3499 664 3553 sufficit
682 3499 716 3553 ad
731 3498 883 3553 habendam
897 3498 1058 3552 relationem
1070 3501 1231 3572 completam
1242 3508 1333 3575 pater-

230 3586 332 3654 nitatis,
345 3599 414 3658 quae'
425 3592 502 3640 extre
515 3581 605 3657 ipsum
623 3582 729 3658 patrem
746 3585 874 3657 compleri
890 3585 978 3654 debet,
991 3603 1088 3657 nempe
1105 3587 1134 3639 in
1149 3587 1214 3656 filio,
1228 3594 1256 3642 et
1273 3590 1335 3644 ideo

232 3677 273 3726 est
285 3689 332 3725 ens
339 3687 390 3741 'per
402 3673 480 3726 aliud.
508 3672 546 3726 Et
557 3671 603 3726 hio
615 3672 703 3725 notari
715 3671 804 3725 adhrm
816 3677 914 3744 potest,
925 3671 997 3743 quod
1009 3671 1032 3725 si
1044 3671 1139 3726 relatio
1151 3673 1185 3726 de
1194 3691 1222 3728 se
1234 3693 1335 3731 novam

232 3759 375 3812 entitatem
391 3759 491 3812 realem
508 3758 691 3828 constitueret,
711 3759 820 3814 deberet
837 3758 935 3813 habere
959 3776 1068 3812 causam
1091 3757 1258 3818 efficientem.
1294 3765 1335 3818 At

233 3844 328 3899 relatio
345 3861 494 3914 numquam
512 3845 545 3898 fit
563 3844 596 3898 ab
614 3830 711 3916 aliquo,
724 3845 770 3900 sed
787 3850 895 3900 tantum
906 3846 1019 3900 resultat
1030 3863 1064 3899 ex
1077 3845 1217 3917 aliquibus.
1253 3849 1334 3922 Ergo.

233 3932 279 3986 Sic
291 3935 367 4004 pater
378 3932 530 4002 generando
542 3937 634 3986 causat
645 3931 803 4004 simpliciter
814 3931 910 4002 filium,
923 3933 970 3986 sed
982 3932 1077 3986 relatio
1088 3935 1258 4004 paternitatis
1269 3937 1336 3992 sim-

234 4018 341 4092 pliciter
352 4017 466 4072 resultat
478 4035 512 4071 ex
523 4017 656 4090 positione
668 4018 736 4088 filii;
755 4020 827 4073 unde
839 4037 940 4074 novum
951 4037 999 4072 ens
1014 4019 1086 4090 quod
1101 4020 1212 4093 physice
1226 4024 1337 4094 ponitur

236 4111 277 4160 est
288 4104 371 4174 filius,
383 4122 437 4158 non
448 4122 514 4158 vero
525 4105 627 4158 relatio.

272 4191 500 4262 Quotiescumque
509 4209 573 4245 vero
585 4190 661 4244 deest
672 4209 729 4246 una
736 4210 769 4246 ex
781 4191 867 4246 tribus
878 4191 1015 4264 praedictis
1027 4193 1233 4264 conditionibus,
1243 4199 1338 4253 relatio

235 4297 290 4334 non
303 4278 401 4333 dicitur
412 4277 499 4342 realis,
512 4277 559 4332 sed
572 4276 690 4331 rationis

272 4367 314 4421 59.
333 4363 465 4431 Quamvis
474 4381 524 4438 ¹ens
537 4381 584 4436 per
596 4363 670 4418 aliud
682 4382 736 4418 non
749 4364 786 4418 sit
797 4381 868 4418 nova
881 4365 979 4420 entitas
991 4365 1020 4418 in
1032 4383 1121 4421 rerum
1132 4372 1236 4440 nature,
1246 4375 1337 4425 tamen
