3240 4986
284 355 346 418 112
740 377 781 420 nx
799 376 929 421 nunno.
1240 357 1327 442 [car.
1345 376 1384 419 11.

281 538 334 604 sed
355 539 498 606 habuisse
519 540 643 606 initium
665 543 821 628 temporis,
837 552 868 609 et
890 544 991 630 ipsum
1011 551 1135 629 tempus
1149 565 1220 609 cnm
1236 544 1381 609 creaturis

280 651 439 736 incepisse.
484 651 642 717 Mundum
665 662 768 718 autem
793 676 857 719 non
879 653 967 719 valde
991 654 1154 741 antiquum
1180 677 1256 734 esse,
1272 654 1326 719 sed
1340 653 1380 718 ad

281 763 397 849 aliquot
418 769 539 827 tantum
563 762 658 828 millia
679 785 828 828 annorum
851 764 985 843 durasse,
1001 773 1069 829 tum
1091 762 1220 849 positive
1239 785 1276 828 ex
1292 763 1382 828 Sacra

283 871 420 938 Historia
434 881 624 958 compertum
640 882 696 954 est,
711 882 778 939 tum
802 897 839 940 ex
860 874 1001 960 pluribus
1022 875 1212 961 argumentis
1233 875 1383 959 negativis

280 984 390 1049 deduci
411 994 523 1069 potest.
568 984 699 1050 Nullum
718 986 800 1050 enim
814 986 945 1052 habetur
959 986 1177 1052 documentum
1191 986 1382 1066 historicum,

278 1095 365 1160 nulla
390 1096 524 1176 traditio,
539 1096 660 1161 nullum
686 1107 930 1178 monumentum,
954 1099 1048 1164 immo
1070 1121 1127 1164 nec
1152 1098 1251 1163 ullum
1277 1099 1379 1184 geolc-

277 1207 381 1292 gicum
406 1206 575 1287 inventum,
602 1230 664 1294 quo
689 1231 834 1294 cogamur
859 1210 1073 1295 antiquitatem
1099 1210 1208 1274 mundi
1235 1210 1378 1275 maiorem

278 1319 386 1386 faeere.
429 1319 479 1384 De
504 1343 565 1405 qua
589 1343 622 1385 re
647 1320 715 1385 vide
738 1321 883 1401 eruditos,
908 1330 939 1386 et
968 1322 1135 1407 praesertim
1159 1321 1194 1386 P.
1222 1321 1377 1386 Pianciani

282 1433 526 1497 commentorium
540 1435 572 1497 ia
586 1434 740 1498 Ιιίείονίαηι
754 1435 911 1500 creationis
925 1436 1091 1500 nwsuiccm.

653 1710 838 1756 humectus
853 1710 1004 1757 HUIUS.

588 1841 637 1904 De
651 1863 738 1904 causo
754 1842 895 1925 efficieme
909 1843 1075 1907 erectionis.

322 1988 376 2052 39.
399 1985 642 2077 Disputaverunt
665 1986 838 2073 philosophi
860 1995 891 2052 et
903 1985 1049 2072 ‚theologi
1070 1993 1175 2051 utrum
1198 1984 1281 2051 solus
1296 1986 1382 2051 Deus

280 2119 381 2163 creare
404 2098 511 2183 possit,
538 2121 577 2163 an
602 2099 700 2184 possit
728 2098 892 2164 concedere
918 2106 1063 2164 creaturae
1086 2099 1148 2163 vim
1173 2097 1305 2179 creandi,
1328 2107 1382 2163 aut

280 2212 388 2276 saltem
402 2212 451 2276 uti
463 2220 600 2277 creatura
614 2219 651 2276 ut
664 2211 870 2277 instrumento
885 2210 925 2276 ad
938 2210 1115 2276 creandum.
1146 2210 1265 2275 Tenent
1279 2217 1382 2274 autem

279 2323 482 2403 communius,
497 2323 600 2388 Deum
619 2345 681 2388 non
696 2344 785 2408 posse
805 2322 927 2408 proprie
941 2321 1003 2386 rim
1020 2320 1143 2386 creandi
1157 2321 1382 2386 communicare

279 2436 434 2516 creaturis,
461 2437 515 2501 sed
539 2457 628 2520 posse
656 2435 704 2500 uti
726 2458 759 2501 re
787 2441 887 2500 creata
915 2442 951 2499 ut
980 2432 1141 2498 creationis
1164 2432 1379 2497 instrumento.

280 2546 369 2614 Circa
396 2547 476 2612 hanc
499 2544 738 2633 disputationem
764 2545 841 2625 dico,
866 2544 944 2610 illud
972 2544 1006 2608 in
1031 2543 1138 2630 primis
1161 2553 1279 2610 certum
1305 2565 1381 2622 esse,

280 2659 380 2725 solum
399 2660 503 2724 Deum
521 2659 676 2746 propriam
691 2658 752 2724 vim
774 2657 897 2726 creandi
918 2655 1040 2725 habere.
1084 2656 1126 2720 Et
1141 2656 1181 2720 ed
1202 2656 1381 2741 capiendam

279 2773 373 2838 huius
391 2772 526 2838 veritatis
546 2770 738 2850 evidentiam,
754 2768 1008 2835 considerandum
1033 2777 1090 2849 est,
1106 2769 1190 2854 quod
1209 2792 1297 2834 cauea
1312 2770 1381 2854 for-

279 2887 364 2950 melis
378 2884 458 2949 entis
479 2892 544 2948 tota
558 2892 629 2948 actu
643 2883 821 2946 exhauritur
835 2883 868 2946 in
884 2903 939 2946 suo
954 2881 1065 2947 effectu
1079 2881 1208 2961 formali,
1223 2903 1287 2946 non
1305 2882 1378 2946 item

279 3019 368 3062 cauea
386 2998 512 3082 effieiem
533 2995 566 3058 in
583 3016 649 3060 suo.
693 2995 735 3058 Et
757 2994 850 3059 huius
872 2994 949 3060 ratic
969 3002 1026 3072 est,
1041 2993 1114 3078 quia
1136 3015 1226 3059 causa
1246 2993 1382 3058 formalis

279 3107 445 3173 nonhabet
460 3106 584 3192 aliquod
599 3129 664 3171 esse
678 3105 825 3186 naturale,
836 3105 889 3170 sed
899 3113 1023 3169 tantum
1038 3105 1179 3185 mentale,
1191 3114 1275 3170 extra
1290 3128 1381 3171 suum

279 3219 421 3284 effectum
432 3219 608 3284 formalem:
630 3228 661 3283 et
676 3217 744 3283 ideo
759 3216 884 3282 effectus
896 3217 1033 3282 formalis
1047 3217 1183 3282 continet
1198 3226 1229 3282 et
1243 3217 1383 3282 exhaurit

280 3339 381 3396 totum
395 3353 461 3395 esse
483 3352 583 3396 causae
597 3331 742 3409 formalis,
758 3339 789 3395 et
810 3337 916 3395 tantus
931 3338 987 3409 cst,
1005 3336 1139 3414 quantus
1153 3337 1200 3394 est
1220 3338 1306 3396 actus
1321 3330 1382 3395 for-

280 3442 379 3523 malis,
390 3466 545 3528 perquem
561 3442 800 3509 constituiturin
812 3465 888 3507 esse.
920 3440 1037 3506 Contra
1047 3464 1139 3507 causa
1149 3442 1281 3528 efficiens
1289 3441 1382 3506 habet

280 3575 372 3618 suum
380 3576 446 3618 esse
460 3553 598 3618 naturale
607 3561 691 3618 extra
706 3576 797 3619 suum
809 3553 951 3618 effectum
964 3561 994 3617 ct
1004 3552 1246 3638 independenter
1260 3552 1298 3617 ab
1308 3552 1381 3618 illo:

278 3663 362 3738 ,unde
384 3666 429 3744 fit,
445 3674 491 3745 ut,
512 3664 603 3729 etiam
627 3664 777 3750 producto
799 3663 919 3744 effectu,
937 3685 1028 3728 causa
1050 3664 1182 3730 efficiens
1205 3673 1270 3728 tota
1293 3664 1326 3728 in
1350 3687 1382 3729 se

280 3783 401 3842 maneat
418 3785 502 3841 extra
527 3799 616 3840 suum
638 3775 792 3854 effectum,
813 3773 989 3860 etquidem
1010 3773 1075 3839 sine
1092 3775 1156 3840 ulla
1177 3774 1226 3839 sni
1248 3774 1381 3840 diminu-

279 3890 373 3954 tione.
419 3887 525 3964 Quare.
539 3886 664 3952 effectus
679 3887 717 3951 ab
731 3887 836 3951 eadem
860 3886 1027 3971 productus
1041 3907 1105 3950 non
1126 3886 1234 3972 recipit
1248 3909 1314 3951 esse
1328 3909 1383 3972 per

279 3999 312 4064 id
334 4021 388 4084 per
402 3998 486 4085 quod
500 4020 591 4063 eausa
613 4005 660 4062 est
675 4006 746 4062 actu
761 3997 894 4063 existens
916 3999 1001 4079 (nam
1016 3995 1177 4061 existentia
1195 3996 1321 4063 effeetus
1336 4005 1383 4062 est

280 4109 397 4195 aliquid
422 4109 544 4175 realiter
571 4108 776 4192 distinctum),
791 4109 845 4173 sed
867 4107 974 4193 recipit
998 4129 1063 4172 esse
1087 4109 1195 4194 perid
1220 4131 1274 4194 per
1300 4109 1383 4194 quod

279 4244 370 4286 causa
394 4221 430 4285 fit
452 4222 485 4284 in
509 4229 580 4285 actu
602 4220 735 4288 secundo
755 4220 916 4284 causativa.
961 4219 1059 4304 Atqui
1080 4241 1171 4284 causa
1192 4230 1238 4285 est
1259 4220 1291 4284 in
1312 4229 1383 4285 actu

252 4353 255 4359 ’
279 4332 412 4397 secundo
435 4333 587 4396 causativa
609 4354 663 4416 per
688 4331 746 4396 hoc
767 4330 850 4415 quod
872 4330 979 4408 virtus,
1003 4351 1070 4410 quae
1087 4331 1189 4395 existit
1215 4331 1247 4394 in
1274 4340 1384 4416 agente

1602 138 1611 346 l
