3222 4984
278 389 345 455 204
716 414 759 458 nn
776 414 941 459 rumurno.
1250 392 1339 478 [car.
1355 413 1381 457 1.

276 581 394 664 limitis,
410 581 592 649 diversificat
605 593 787 670 conceptum
803 585 926 650 infiniti.
965 583 1047 662 Quin
1060 605 1134 668 ergo
1149 584 1265 670 species
1278 606 1381 650 rernm

276 691 517 760 diversificantur
548 695 717 762 secundum
739 697 852 762 formas
874 719 893 761 a
914 696 1026 782 quibus
1047 695 1161 760 habent
1182 718 1248 760 esse
1270 705 1302 760 et
1326 718 1382 781 per

274 826 351 890 quas
370 805 595 892 concipiuntur,
611 807 777 873 dicendum
790 816 836 872 est
852 807 934 893 quod
948 807 1057 872 existet
1071 805 1228 872 diversitas
1243 807 1382 892 specifica

274 915 307 980 in
322 916 461 997 infinitis,
477 917 503 983 si
517 917 653 983 existunt
668 919 788 983 infinita
799 918 966 984 formaliter
984 916 1117 983 dinem:
1142 918 1261 983 diversa
1275 927 1379 983 antem

274 1027 442 1094 formaliter
452 1029 643 1095 infinitorum
659 1028 831 1095 desumitur
845 1052 882 1094 ex
896 1029 1022 1094 diversis
1035 1029 1197 1111 limitibus,
1212 1030 1266 1116 qni
1280 1029 1379 1095 deiis·

274 1138 344 1206 dem
360 1149 524 1226 negantur.
555 1140 659 1219 Quare
673 1140 755 1205 linea
770 1139 833 1205 solo
843 1141 904 1205 fine
915 1162 1022 1205 carens
1033 1139 1134 1204 differt
1149 1140 1182 1204 in
1196 1141 1296 1226 specie
1309 1141 1378 1206 infi-

274 1251 333 1316 niti
347 1274 366 1318 a
379 1251 536 1339 lineaquae
544 1261 625 1318 caret
635 1252 726 1318 simul
735 1252 836 1317 lineet
846 1252 935 1316 initio
942 1277 952 1331 ;
970 1260 1002 1317 et
1011 1251 1093 1316 idem
1101 1251 1151 1316 dic
1162 1251 1200 1316 de
1211 1252 1379 1338 superficie,

274 1361 312 1428 de
321 1362 559 1445 volumine,etc.,
569 1363 595 1428 si
604 1363 652 1428 vel
664 1384 726 1428 nno
735 1361 921 1442 tantum,vel
931 1362 1072 1447 pluribus
1083 1361 1234 1427 limitibus
1244 1371 1378 1429 camut.

274 1472 366 1551 Quod
388 1482 492 1541 autem
512 1474 633 1540 infinita
655 1497 759 1561 reapse
781 1474 923 1539 differam
946 1474 1055 1559 specie,
1071 1481 1211 1553 constat3
1244 1474 1317 1559 quia
1337 1474 1378 1538 ad

274 1585 519 1650 constituendam
542 1585 672 1671 speciem
694 1584 861 1672 requiritur
879 1584 996 1670 aliquid
1018 1605 1181 1649 commune
1203 1593 1235 1648 et
1257 1584 1375 1670 aliquid

272 1695 441 1782 proprium.
488 1695 550 1763 Sed
571 1696 692 1762 infinita
710 1695 745 1760 in
765 1695 868 1780 aliquo
885 1696 1024 1780 prebent
1043 1709 1224 1780 conceptum
1238 1717 1376 1760 commn-

272 1828 354 1888 nem,
377 1807 435 1873 hoc
457 1815 504 1872 est
525 1807 559 1871 in
581 1807 638 1873 hoc
660 1806 743 1892 quod
772 1805 905 1870 habeant
933 1804 1040 1869 limitis
1058 1805 1262 1890 negationem,
1288 1814 1320 1870 et
1342 1806 1376 1870 in

272 1917 375 2004 aliquo
390 1917 505 1984 habent
516 1927 699 2004 conceptum
711 1915 942 1982 differentialem
957 1923 988 1981 et
998 1916 1167 2003 proprium,
1178 1938 1239 2001 quo
1250 1916 1375 1982 diversi·

271 2029 412 2111 linantur,
419 2029 451 2096 id
459 2037 506 2095 est
516 2029 618 2116 plures
630 2029 676 2094 vel
685 2030 843 2115 pauciores
852 2027 967 2094 limites
976 2037 1104 2113 negatos
1108 2054 1118 2107 3
1129 2049 1203 2112 ergo
1213 2051 1268 2113 per
1277 2028 1376 2092 diver-

272 2140 971 2226 sumnumerumlimitum,quinegantur,vere
982 2139 1101 2203 infinita
1110 2139 1374 2224 differuntspecie.

316 2251 349 2317 Si
363 2273 434 2317 vero
456 2259 648 2336 comparetur
669 2250 749 2315 linea
770 2249 891 2316 infinita
912 2272 982 2315 cum
1003 2249 1161 2335 superficie
1180 2249 1311 2329 infinita,
1326 2249 1375 2316 vel

271 2385 342 2428 cum
358 2361 455 2428 solido
470 2361 601 2442 infinito,
616 2370 712 2447 patet,
727 2361 810 2446 qnod
825 2383 889 2426 non
904 2361 1051 2447 specifice,
1067 2361 1121 2426 sed
1135 2362 1276 2446 generice
1287 2360 1374 2426 diffe-

270 2481 361 2553 rent3
384 2473 524 2538 different
539 2471 620 2538 enim
637 2472 806 2538 secuudum
823 2473 1006 2537 materialem
1022 2473 1173 2537 rationem
1188 2473 1373 2538 extensionis

270 2583 320 2650 oui
334 2583 481 2650 tribuitur
495 2585 593 2649 forma
608 2583 778 2649 infinitatis.
835 2584 907 2648 Non
930 2593 1060 2670 possunt
1080 2592 1184 2648 autem
1205 2585 1374 2670 comparari

269 2703 305 2759 ut
324 2695 438 2780 species
461 2694 581 2780 speciei,
605 2717 701 2780 quum
723 2716 787 2758 non
806 2692 867 2758 sint
887 2694 1076 2779 homogenen
1096 2693 1264 2759 secundum
1286 2696 1320 2760 id
1338 2697 1373 2760 in

270 2825 331 2890 quo
345 2803 500 2889 accipiunt
516 2802 718 2870 differentiam
734 2804 913 2890 specificam.

313 2917 363 2981 12.
389 2913 545 2994 Quaeritur
559 2923 653 2997 sexto,
675 2925 774 2983 utrum
793 2919 845 2982 sat
869 2919 998 3002 qualibet
1015 2919 1110 3002 specie
1126 2917 1237 3003 infiniti
1247 2920 1373 3004 copitari

267 3027 379 3092 oosaint
389 3027 481 3111 plura
496 3027 655 3093 individuo.

312 3136 495 3223 Respondeo
510 3138 695 3205 affirmative.
740 3139 783 3205 Et
797 3147 900 3226 patet;
922 3162 994 3205 nam
1016 3141 1116 3226 posita
1136 3141 1217 3206 linea
1237 3141 1368 3223 infinita,

269 3247 348 3312 nihil
361 3247 490 3333 impedit
506 3250 671 3334 quominus
686 3252 875 3338 concipiatur
897 3252 956 3317 alia
976 3252 1058 3317 linea
1079 3254 1198 3318 infinita
1212 3253 1258 3318 illi
1270 3254 1370 3339 pural-

267 3357 327 3424 lelo
341 3366 394 3424 ant
405 3357 541 3445 oblique,
556 3368 587 3425 et
601 3361 713 3427 deinde
728 3362 787 3428 alia
801 3371 832 3427 et
847 3363 906 3428 alia
920 3363 1088 3430 indefinite.
1134 3364 1281 3431 Similiter
1297 3366 1368 3431 duta

267 3492 329 3536 una
343 3469 419 3536 serie
433 3469 553 3536 infinita
565 3472 731 3553 unitatum,
747 3496 775 3539 v.
793 3497 840 3558 gr.
855 3473 993 3557 lapidum
1007 3475 1088 3540 linea
1102 3486 1184 3541 recta
1206 3477 1368 3563 disposito-

266 3603 346 3662 rum,
373 3581 439 3647 alioe
462 3582 553 3648 series
577 3583 690 3650 similes
716 3585 842 3668 cogitari
864 3594 1011 3671 possunt:
1045 3595 1076 3651 et
1096 3587 1197 3673 posito
1218 3598 1368 3674 conceptu

266 3692 435 3758 durationis
457 3693 540 3759 Petri
561 3695 698 3776 infinite,
721 3703 822 3781 potest
840 3695 940 3762 adhuc
964 3697 1091 3782 cogitari
1113 3699 1220 3763 similis
1246 3699 1367 3764 duratio

265 3803 365 3869 Paulli
380 3815 410 3869 et
426 3803 529 3870 Iacobi
543 3814 574 3870 et
589 3806 717 3870 aliorum
736 3807 905 3873 indefinite.
959 3808 1042 3873 Hinc
1065 3808 1098 3874 S.
1119 3810 1251 3874 Thomas
1272 3810 1314 3895 (p.
1334 3812 1364 3874 3.

264 3938 296 4001 q.
313 3918 364 3979 10.
380 3937 408 3979 a.
424 3917 456 4000 3)
474 3915 534 3981 ait:
568 3917 610 3980 Id
621 3918 700 4002 qood
711 3927 755 3982 est
769 3918 916 4002 infinitam
930 3922 1061 3985 omnibus
1079 3922 1180 4000 modic,
1194 3945 1253 3986 oon
1263 3930 1363 4006 potest

265 4049 326 4092 erse
340 4028 398 4090 nisi
410 4049 510 4091 anum.
542 4027 580 4091 si
591 4037 688 4092 tamen
702 4029 817 4112 aliquid
828 4040 903 4096 easet
917 4032 1065 4116 infinitum
1075 4055 1132 4096 ano
1144 4033 1226 4096 modo
1238 4042 1364 4114 tontum,

266 4139 344 4201 nihil
359 4139 530 4221 prohiberet
549 4161 610 4203 etse
627 4140 719 4223 pluro
735 4139 809 4203 talin
823 4141 942 4225 infinito
951 4170 962 4218 ;
995 4145 1072 4207 mmet
1090 4145 1117 4206 si
1136 4144 1364 4228 intellrperemun

259 4247 362 4329 plures
376 4247 468 4312 licens
482 4248 616 4332 infinitas
629 4249 784 4314 secundam
808 4251 1016 4335 &tupitudinem
1035 4263 1207 4338 protractae
1222 4257 1254 4319 in
1264 4256 1365 4339 aliquo

264 4355 416 4440 superficie
423 4358 517 4441 finita
532 4361 687 4424 secundam
702 4361 896 4427 latitudinem.
