3240 4986
275 369 338 434 186
730 397 774 440 ur
792 395 923 441 nonno.
1216 372 1304 457 [car.
1321 389 1378 436 ιιι.

274 556 406 642 plurima
427 559 572 626 miracala
586 561 666 627 facta
683 568 756 626 sunt
771 570 802 627 et
816 561 897 626 fiunt
917 560 1017 626 adhuc
1032 560 1065 625 iu
1086 559 1170 640 dies3
1193 581 1266 645 ergo
1280 558 1378 644 possi·

274 666 335 733 bile
350 679 396 734 cst
411 671 601 737 miraculum.
647 673 764 752 Minor,
779 672 880 758 quoad
904 671 1050 737 miracula
1064 671 1137 735 olim
1151 671 1242 751 fama,
1258 678 1379 735 constat

275 801 312 843 ex
326 780 460 846 historiis
471 782 530 847 fide
546 783 733 868 dignissimis
748 783 857 849 veteris
872 792 903 848 et
918 783 989 848 novi
1003 782 1201 862 Testamenti,
1217 789 1248 846 et
1262 804 1299 847 ex
1313 790 1378 847 tota

275 888 402 955 historia
427 891 654 959 Ecclesiastico:
677 892 762 979 quod
786 915 856 958 vero
882 892 992 957 attinet
1015 892 1054 957 ad
1079 890 1234 971 miracula,
1253 914 1323 978 quae
1344 891 1378 955 in

277 998 340 1064 dies
366 1001 455 1082 fiunt,
478 1003 526 1068 vel
551 1025 620 1089 quae
646 1003 684 1068 de
710 1004 854 1089 praesenti
879 1003 979 1068 adhuc
1003 1003 1124 1082 durant,
1145 1002 1289 1090 quoniam
1314 1024 1378 1067 non

275 1132 439 1195 possumus
463 1114 514 1178 hic
538 1113 576 1179 de
601 1114 639 1178 iis
663 1137 752 1200 agere
777 1114 811 1178 in
833 1113 1021 1199 particulari,
1037 1113 1166 1179 sufficiat
1187 1114 1221 1178 iu
1243 1123 1378 1179 mentem

276 1244 414 1288 revocare
440 1225 610 1293 sanctuaria
634 1246 697 1290 non
728 1248 800 1290 sane
826 1247 932 1310 pauca,
962 1225 995 1289 in
1021 1225 1134 1312 quibus
1159 1225 1290 1310 singulis
1315 1225 1380 1290 r'ere

277 1333 365 1397 annis
383 1334 481 1400 morbi
498 1335 685 1401 medicorum
700 1336 812 1400 iudicio
829 1335 1021 1416 incurabiles,
1037 1334 1174 1416 adhibita
1197 1337 1379 1402 Sanctorum

277 1442 501 1526 intercessione,
528 1455 653 1533 repente
679 1457 836 1526 curantur,
860 1456 891 1512 et
913 1469 1149 1513 commemorare
1175 1447 1380 1512 Lauretsnam

278 1554 414 1635 domum,
424 1578 494 1641 quae
509 1579 544 1622 ex
556 1557 719 1623 Palaestina
734 1559 767 1622 in
776 1556 973 1638 Dalmatiam,
988 1580 1026 1623 ex
1041 1558 1196 1622 Dalmatia
1209 1557 1242 1622 in
1257 1557 1380 1622 Italiam

277 1667 423 1732 translata
441 1679 662 1754 'permanenter
683 1680 814 1735 testatur
834 1671 1095 1756 supernaturalem
1117 1671 1333 1756 operationem,
1348 1678 1381 1735 et

277 1777 502 1844 incredulorum
519 1781 701 1865 proterviam
715 1783 805 1846 etiam
821 1804 904 1847 nunc
919 1782 995 1847 mire
1009 1781 1180 1848 confundit.

321 1889 374 1954 60.
396 1890 569 1956 Adversarii
594 1891 808 1957 miraculorum
839 1893 1043 1973 contendunt,
1062 1893 1143 1959 facta
1164 1892 1318 1972 historica,
1343 1891 1382 1957 de

162 2033 164 2037 ·
279 2001 391 2086 quibus
415 2026 516 2089 supra,
532 2027 598 2070 esse
623 2006 747 2091 quidem
774 2006 860 2086 mira,
877 2005 932 2070 sed
957 2006 1093 2091 potuisse
1112 2029 1149 2071 ex
1171 2006 1270 2072 causis
1291 2015 1383 2070 natu·

278 2112 394 2178 ralibus
416 2115 505 2181 nobis
524 2116 661 2196 occultis,
677 2117 724 2182 vel
746 2139 782 2180 cx
799 2118 961 2181 hominum
975 2116 1083 2181 fraude
1101 2117 1281 2202 procedere:
1303 2139 1383 2202 prae·

280 2225 395 2305 sertim,
411 2249 507 2312 quum
527 2227 653 2292 maiores
675 2228 772 2292 nostri
787 2227 899 2293 multas
913 2228 1049 2316 physicae
1069 2228 1152 2313 leges
1165 2228 1384 2314 ignoraverint.

280 2333 331 2399 Ad
357 2357 449 2420 quam
470 2336 640 2402 evasionem
665 2337 923 2423 praecludendam,
948 2338 1117 2403 notandum
1140 2347 1197 2419 est,
1221 2361 1311 2424 posse
1334 2361 1384 2404 co·

279 2448 386 2532 gnosci
401 2449 558 2514 veritatem
582 2449 728 2530 miraculi,
744 2451 863 2514 etiamsi
884 2473 948 2516 non
970 2445 1194 2536 cognoscantur
1207 2453 1333 2538 praecise
1351 2462 1382 2516 et

280 2558 408 2643 positive
422 2559 535 2625 limites
550 2561 661 2646 quibus
677 2583 777 2626 causae
791 2561 945 2626 naturales
959 2562 992 2626 in
1007 2562 1160 2647 operando
1175 2563 1382 2630 continentur.

283 2670 332 2735 Sic
348 2670 426 2735 bene
440 2672 662 2756 cognoscimus,
677 2673 872 2738 Palaestinam
888 2696 953 2740 esse
967 2673 1001 2738 in
1015 2674 1100 2754 Asia,
1115 2683 1146 2738 et
1161 2673 1334 2760 AEgyptum
1350 2673 1383 2738 in

280 2782 393 2861 Africa,
409 2782 528 2847 etiamsi
543 2782 621 2847 forte
643 2807 705 2848 non
721 2806 940 2869 cognoscamus
962 2794 1063 2850 exacte
1078 2784 1190 2849 lineam
1214 2784 1383 2850 secundum

281 2915 373 2977 quam
399 2895 434 2958 fit
461 2894 567 2960 divisio
590 2895 674 2961 Asiae
698 2895 737 2960 ab
762 2896 876 2961 Africa.
930 2894 981 2960 Ad
1006 2895 1254 2982 cognoscendum
1279 2906 1384 2961 utrum

281 3005 397 3088 aliquid
420 3006 460 3069 sit
485 3028 522 3070 ex
542 3005 656 3071 viribus
682 3015 803 3074 naturae
828 3030 867 3072 an
893 3029 966 3088 non,
986 3007 1097 3073 sufficit
1120 3029 1301 3092 cognoscere
1323 3030 1385 3094 quo

280 3125 401 3182 naturae
423 3116 501 3181 vires
526 3138 588 3180 non
613 3140 645 3182 se
668 3117 844 3198 extendant,
859 3128 890 3182 et
909 3116 969 3183 hoc
995 3127 1041 3183 ert
1067 3139 1249 3202 cognoscere
1271 3117 1385 3183 limites

280 3235 401 3292 naturae
423 3228 583 3312 negative:
606 3250 668 3292 non
692 3237 795 3293 autem
819 3251 940 3305 necesse
963 3240 1010 3294 est
1036 3251 1217 3313 cognoscere
1239 3228 1384 3294 ultimum

282 3339 412 3404 limitem
425 3338 588 3425 positivum
604 3362 664 3425 quo
685 3363 717 3404 se
732 3340 912 3420 extendunt,
928 3341 988 3405 nisi
1005 3341 1083 3406 forte
1097 3349 1239 3426 ageretur
1253 3340 1291 3405 de
1306 3343 1387 3406 amai

281 3473 406 3536 prorsus
420 3450 566 3516 miraculo
581 3452 782 3536 agnoscendo.
826 3453 867 3516 Ilt
881 3461 1112 3538 consequenter,
1122 3452 1242 3517 etiamsi
1257 3453 1386 3518 maiores

283 3564 380 3629 nostri
394 3562 601 3648 imperfectam
618 3562 763 3650 physicae,
780 3563 859 3628 sicut
877 3563 1082 3649 geographiae,
1099 3564 1255 3630 scientiam
1271 3564 1384 3630 habue-

282 3676 355 3755 rint,
371 3683 538 3761 potuerunt
560 3675 675 3760 optime
697 3675 831 3761 plurium
854 3676 1070 3741 miraculorum
1091 3676 1247 3744 veritatem
1271 3698 1385 3761 cogno·

284 3810 375 3852 scere.
421 3786 565 3852 Christus
586 3787 658 3850 fecit
679 3786 781 3851 lutum
803 3810 840 3851 ex
861 3796 962 3873 sputo,
979 3796 1010 3853 et
1027 3788 1173 3874 imposuit
1193 3787 1288 3853 oculis
1310 3788 1386 3854 eoeci

284 3899 366 3964 nati:
390 3909 457 3962 tum
479 3898 568 3962 iussit
591 3921 661 3962 eum
687 3897 786 3963 lavare
809 3898 912 3963 oculos
938 3922 1016 3984 aqua
1038 3899 1190 3968 naturali:
1213 3898 1385 3985 quosaam,

284 4031 386 4075 coecus
400 4008 500 4076 videre
518 4009 622 4094 coepit.
667 4008 759 4074 Ratio
775 4009 913 4074 miraculi
927 4018 974 4074 est
996 4009 1029 4073 in
1044 4011 1112 4090 hoc,
1128 4008 1212 4096 quod
1232 4009 1334 4077 lutum
1349 4032 1386 4074 ex

284 4129 386 4206 sputo,
401 4130 432 4185 et
453 4120 529 4184 lotio
551 4141 648 4204 aquae,
663 4142 727 4183 non
748 4119 881 4184 habeant
899 4120 1030 4205 aliquam
1046 4121 1191 4185 virtutem
1214 4119 1384 4185 naturalem

283 4232 376 4297 dandi
390 4231 490 4296 visum
508 4252 591 4296 coeco
606 4239 696 4300 nato:
720 4229 760 4294 ad
779 4231 837 4294 hoc
851 4239 954 4294 autem
970 4229 1129 4295 sciendum
1143 4230 1272 4296 maiores
1287 4231 1385 4294 nostri

282 4343 538 4426 noniudigebaut
554 4342 629 4406 scire
644 4341 847 4406 recentiorum
868 4341 994 4428 physica
1008 4343 1142 4423 inventa,
1159 4341 1214 4420 sed
1232 4342 1306 4407 satis
1320 4350 1385 4406 erat
