3186 4982
206 387 281 430 voe.
297 365 352 451 ιι.]
527 387 687 431 aroanna
704 386 744 429 nr
760 385 985 430 0100000000.
1248 365 1313 432 271

206 545 304 600 melius
321 545 455 602 diceretur
470 547 566 602 relatio
585 548 617 601 05
634 548 779 617 intr-inesco,
797 547 918 603 tribuens
938 547 1031 620 agenti
1054 546 1237 617 intrinsecam,
1255 563 1310 600 non

208 648 274 700 rem,
286 632 334 686 sed
346 633 594 689 denominationem
605 636 713 690 realem.

245 718 311 788 Pap.
324 718 386 774 347.
400 719 444 774 lin.
459 719 500 776 13.
519 720 723 776 substantialem
735 721 835 791 0000190
845 737 935 774 rerum

243 805 311 860 11101.
325 805 369 860 lia.
382 807 425 860 30.
444 807 534 877 01010,
547 809 743 877 compositast
755 807 858 880 aliquid
870 807 899 860 in
912 825 941 861 se
952 807 1127 879 completum,

245 892 310 962 Pap.
323 892 384 946 348.
398 892 442 948 lin.
458 893 498 948 12.
518 897 583 948 eunt
591 893 691 963 corripe
699 894 744 948 vel
755 893 923 948 reducuntur
934 893 969 948 ad
978 893 1111 948 actionem
1119 898 1147 948 et
1153 893 1314 966 passionem,

210 977 255 1033 vel
265 982 331 1031 sunt

244 1064 311 1135 Pap.
324 1066 384 1120 349.
399 1066 444 1120 lia.
456 1066 500 1121 21.
519 1065 623 1138 quinto,
635 1067 734 1138 corripe
746 1071 849 1138 quarto,

240 1151 313 1205 retr
328 1151 372 1206 110.
385 1151 428 1206 24.
447 1157 489 1206 est
501 1152 600 1206 entitas
609 1152 709 1223 canipe
717 1152 887 1226 specificatur
897 1168 914 1206 a
924 1151 1011 1205 forma
1020 1152 1102 1206 dante
1110 1152 1313 1207 esserelationi:

209 1238 270 1292 haec
282 1243 374 1293 autem
385 1239 472 1293 forma
484 1245 526 1294 est
537 1239 596 1312 ipsa
606 1240 676 1294 ratio

245 1325 311 1395 Pap.
324 1325 385 1380 350.
400 1326 445 1380 tin.
460 1325 501 1380 11.
520 1326 618 1380 melius
629 1325 690 1380 dele.

245 1412 313 1466 11101.
327 1412 372 1466 lia
386 1412 428 1466 30.
447 1419 533 1481 sexte,
546 1413 646 1483 000190
657 1412 760 1484 quinto,

146 1547 156 1562 ,,
247 1499 313 1552 zeid.
339 1498 383 1553 lin.
407 1499 449 1552 32.
468 1499 631 1571 Respondeo
649 1504 701 1554 etc.
725 1499 779 1552 dele
800 1498 868 1552 1000
884 1499 1073 1568 respmadonem
1092 1505 1182 1570 101000,
1206 1507 1231 1554 et
1254 1501 1313 1554 005-

209 1587 286 1641 ats'tue
304 1593 463 1658 sequentem:
491 1586 661 1659 Respondeo‚
674 1585 806 1657 distingui
822 1601 935 1638 numero
949 1585 1092 1640 relationes
1107 1587 1256 1641 secundum
1270 1588 1314 1641 di-

209 1674 322 1728 stinctae
339 1691 452 1728 numero
467 1672 687 1746 participationes
708 1671 830 1727 eiusdem
849 1671 1026 1727 fundamenti.
1063 1673 1102 1726 Et
1121 1678 1198 1745 patet
1217 1691 1251 1729 ex
1268 1692 1314 1728 00-

210 1761 339 1834 pradictis
349 1780 377 1816 n.
390 1761 433 1816 47.
469 1761 509 1815 Et
520 1760 560 1816 010
570 1766 647 1833 peter
659 1759 707 1832 qui
724 1764 778 1814 tres
795 1757 895 1814 habeat
911 1758 983 1814 filios
1000 1759 1112 1815 habebit
1129 1767 1184 1815 tres
1201 1777 1314 1816 numero

210 1849 362 1904 relationes,

244 1936 310 2006 Poq.
323 1935 385 1990 351.
398 1935 442 1989 lira
458 1934 499 1989 11.
519 1952 536 1988 a
553 1933 730 1988 fundamento
748 1931 849 2002 corripe
866 1931 900 1987 ab
918 1950 972 1987 000
989 1933 1198 2007 participatione
1214 1934 1313 1990 funda·

210 2021 295 2076 menti

246 2107 429 2162 10100018.
448 2113 476 2162 et
496 2123 592 2161 verum
612 2105 765 2162 subiectum
782 2110 833 2160 ete.
854 2105 1008 2160 0010101000
1027 2124 1106 2178 arsque
1126 2109 1313 2179 0011000000-

210 2194 359 2265 0000010001,
372 2200 397 2247 et
408 2194 530 2248 0010111000
540 2194 610 2248 toec:
629 2193 693 2247 Non
705 2198 747 2247 001
758 2199 850 2248 00100
861 2192 934 2247 idem
947 2192 1034 2248 dicere
1047 2193 1121 2265 quod
1131 2194 1226 2249 relatio
1244 2196 1313 2250 reci·

211 2281 285 2352 pitur
301 2281 331 2335 in
343 2280 473 2351 subiecto,
487 2286 516 2335 et
527 2280 615 2336 dicere
627 2281 699 2352 quod
711 2279 781 2336 ratio
792 2280 937 2336 fundativa
948 2282 1162 2336 communicatur
1172 2282 1313 2352 terminis3

210 2385 275 2422 nam
286 2368 316 2421 in
327 2368 379 2422 hoc
390 2368 508 2422 secundo
520 2385 591 2436 0000,
604 2367 678 2438 quod
688 2367 819 2439 recipitur
829 2384 884 2421 non
894 2373 936 2422 est
945 2368 1049 2438 relatio,
1062 2368 1111 2423 sed
1122 2373 1198 2423 00100
1211 2369 1314 2441 primus

210 2455 277 2525 sius,
289 2472 336 2510 seu
348 2453 378 2509 id
390 2472 444 2526 quc
456 2454 551 2509 relatio
563 2454 663 2527 accipit
674 2470 748 2523 esse;
767 2459 795 2508 et
805 2472 860 2508 non
872 2459 914 2508 est
925 2454 955 2508 in
967 2453 1089 2510 subiecto
1099 2455 1239 2510 relationis
1250 2462 1313 2509 tan-

209 2549 278 2613 tum,
292 2544 339 2598 sed
350 2543 435 2597 eliam
446 2543 476 2597 in
488 2541 612 2597 termino.
649 2542 749 2598 Unitas
760 2542 845 2614 igitur
855 2542 993 2597 relationis
1004 2543 1126 2612 resultat,
1138 2543 1208 2598 01001
1224 2544 1313 2598 unitas

209 2630 298 2685 omnis
316 2630 395 2699 00110,
417 2648 452 2684 ex
471 2629 669 2702 conspiratione
689 2635 766 2684 actus
787 2628 868 2700 primi
887 2634 916 2683 et
935 2629 1065 2702 potentiae
1085 2629 1142 2684 eius
1160 2629 1195 2684 ed
1218 2649 1312 2686 unum.

208 2717 283 2773 Hinc
300 2717 490 2790 multiplicatis
508 2715 751 2790 conspirationibus
767 2734 815 2789 per
838 2716 1001 2789 positionem
1019 2717 1130 2773 alterius
1150 2722 1180 2772 et
1202 2718 1314 2773 alterius

209 2805 338 2877 potentiss
353 2809 424 2877 aptae
437 2803 474 2858 ad
487 2803 669 2877 recipiendam
684 2803 919 2876 participationem
939 2804 1014 2858 illius
1029 2810 1105 2859 actus
1116 2805 1205 2877 primi,
1218 2805 1313 2860 multi·

209 2891 344 2963 plicantur
356 2891 483 2944 unitates
520 2889 667 2944 'Iransmisi
678 2895 784 2963 partem
797 2890 916 2960 maioris,
928 2907 990 2962 quae
1008 2891 1101 2962 negari
1115 2891 1213 2964 potuit,
1224 2909 1260 2947 ne
1277 2891 1313 2947 ad

209 2977 361 3050 generalem
373 2976 552 3048 questionem
563 2976 725 3032 diverterem
737 2976 771 3032 de
788 2976 920 3050 principio
938 2977 1168 3049 ndividuetionis,
1180 2995 1242 3049 quse
1257 2995 1313 3034 000

210 3068 254 3119 001
264 3063 346 3118 huius
357 3063 419 3118 loci.

244 3150 313 3206 leia.
328 3150 372 3205 lin.
386 3150 429 3205 29.
448 3148 572 3222 septimo,
586 3149 686 3220 0010190
696 3159 783 3220 sexto,

243 3237 310 3308 Pap.
323 3237 494 3292 35311010.
512 3236 658 3291 relationis.
672 3238 766 3291 Adde:
784 3235 821 3292 4⁰.
834 3237 909 3292 Addi
918 3241 1008 3310 potest
1019 3238 1093 3311 quod
1103 3239 1200 3312 positis
1207 3239 1312 3295 duobus

209 3323 335 3380 terminis
354 3324 472 3379 realibus
488 3323 519 3377 in
536 3329 608 3394 0010,
629 3323 764 3379 habentur
781 3325 843 3379 dure
864 3331 927 3380 actu
947 3325 1108 3381 relationes:
1127 3346 1154 3383 v.
1166 3345 1205 3400 gr.
1222 3332 1313 3400 pater·

209 3410 304 3466 nitatis
323 3411 353 3465 in
364 3412 455 3479 Patre,
468 3415 497 3465 et
516 3411 656 3466 filiationis
676 3411 706 3464 in
723 3411 788 3466 tilio.
825 3411 940 3467 Sublato
959 3418 1052 3467 autem
1070 3431 1125 3468 uno
1145 3431 1180 3468 ex
1200 3415 1312 3484 duobus,

209 3504 297 3554 cessat
313 3498 408 3554 relatio
420 3498 498 3554 cuius
515 3498 666 3554 subiectum
678 3499 799 3568 tollitur;
817 3504 910 3554 manet
920 3505 1012 3555 tamen
1027 3517 1060 3555 ea
1070 3501 1147 3556 00100
1160 3500 1313 3556 subiectum

209 3590 308 3641 manet
344 3585 411 3640 ideo
428 3589 520 3640 autem
541 3586 575 3641 ab
595 3581 750 3640 auctonbus
771 3586 924 3640 excluditur
944 3604 961 3640 0
980 3587 1190 3660 praedicamento
1207 3588 1311 3657 relatio,

209 3671 287 3727 00100
304 3671 435 3726 terminus
451 3689 508 3726 non
528 3677 571 3726 001
590 3677 662 3740 0010,
675 3671 739 3744 quia
756 3671 865 3727 videtum
881 3689 929 3727 ens
949 3663 1159 3747 incompletam:
1177 3675 1224 3728 sed
1242 3675 1312 3729 mihi

210 3757 319 3811 videtm·
336 3755 409 3811 tilius
420 3756 519 3812 habere
536 3762 594 3812 tam
610 3757 773 3829 completam
792 3757 926 3812 rationem
942 3758 994 3812 filii
1011 3764 1206 3832 postmortem
1217 3759 1311 3832 petris,

210 3859 292 3914 quam
308 3846 386 3896 ante:
405 3859 486 3914 quare
498 3861 533 3898 ex
545 3860 577 3897 eo
594 3841 667 3914 quod
678 3848 755 3914 pater
765 3843 804 3898 sit
813 3847 938 3900 mortuus
949 3861 1005 3898 000
1022 3845 1145 3918 sequitur
1156 3847 1238 3915 aliud,
1250 3865 1312 3902 meo

208 3926 319 3997 iudicio,
331 3927 384 3981 nisi
401 3928 474 3998 qnod
485 3928 611 3982 filiationi
626 3928 693 3983 reali
707 3946 767 4001 quse
780 3934 823 3984 est
836 3929 866 3984 in
877 3929 936 3985 filio
951 3947 1007 3985 non
1018 3931 1135 4004 amplius
1152 3933 1313 4006 respondeat

208 4013 357 4087 paternitas
367 4013 447 4068 realis
459 4014 493 4069 ob
505 4015 652 4070 carentiam
663 4014 779 4071 subiecti
790 4016 824 4070 de
836 4034 890 4088 quo
901 4017 1068 4089 praedicatam

146 4110 152 4122 ¹
243 4101 312 4155 leid.
327 4101 371 4155 lin.
386 4101 480 4154 12-24.
498 4100 621 4155 terminis
632 4100 782 4157 formaliter
799 4139 911 4157 .....
931 4102 1040 4158 010101ιο
1055 4107 1105 4158 etc
1120 4105 1173 4158 dele
1185 4111 1267 4159 eam
1288 4111 1313 4159 et

208 4188 308 4258 0001·ὴο
318 4187 370 4241 ss'e:
388 4186 519 4242 terminis
555 4186 628 4241 Nam
639 4187 791 4244 subiectum
802 4188 942 4244 relationis
955 4188 985 4242 in
996 4189 1049 4245 hoo
1060 4207 1124 4245 0000
1135 4207 1185 4246 neo
1195 4209 1213 4245 a
1223 4191 1311 4264 seipso

207 4275 298 4347 habet,
311 4292 361 4329 nec
381 4271 478 4347 recipit
497 4273 644 4329 intrinsece
661 4274 773 4347 aliquid,
793 4292 846 4347 quo
867 4275 1011 4332 intrinsece
1029 4281 1158 4332 conectet
1174 4278 1265 4333 aliud:
1283 4283 1313 4333 et

208 4361 254 4433 sic,
267 4365 442 4420 evanescente
454 4360 578 4432 termino,
588 4359 658 4415 nihil
669 4365 790 4418 remanet
801 4362 830 4416 in
841 4361 971 4431 subiecto,
985 4363 1058 4434 quod
1069 4363 1143 4419 dicat
1153 4364 1312 4420 relationem
