3240 4986
269 337 331 400 122
619 327 627 345 ²
726 361 769 404 ou
787 357 917 404 nunno.
1207 339 1295 426 [car.
1312 357 1367 402 111.

266 525 368 603 tione;
396 524 452 589 hoe
475 534 577 590 autem
592 526 659 590 Deo
682 547 744 590 non
767 528 910 591 convenit
921 551 931 604 ;
954 511 1037 611 eigo.
1083 529 1126 590 3⁰.
1152 526 1214 603 Qui
1236 525 1369 589 intendit

265 635 357 699 finem
380 634 473 701 habet
493 637 644 702 actualem
663 639 829 702 carentiam
848 639 930 718 boni,
949 637 1032 724 qnod
1050 633 1192 716 intendit,
1211 657 1307 722 quum
1329 635 1369 700 sit

267 748 434 813 absurdum
455 748 581 814 tendere
603 750 697 815 adid
719 751 802 835 quod
823 750 973 815 babetur:
997 749 1050 814 sed
1073 751 1105 814 in
1126 751 1193 814 Dec
1215 749 1301 813 nulla
1322 757 1369 813 est

268 860 394 924 actualis
409 862 544 925 carentia
558 860 650 941 boni3
674 883 758 946 ergo.

312 971 494 1056 Respondeo
516 997 545 1036 a.
566 982 628 1039 ont.
672 972 723 1037 Ad
741 973 871 1059 primam
886 973 1097 1059 probationem
1113 975 1181 1038 dist.
1198 975 1249 1038 M.
1263 973 1290 1036 si
1304 973 1369 1036 eius

268 1082 409 1148 voluntas
430 1093 477 1148 est
492 1085 525 1148 in
540 1085 677 1169 potentia
692 1084 835 1150 actuabili
851 1108 874 1149 c.
892 1086 952 1164 M„
969 1086 996 1149 si
1010 1085 1076 1149 eius
1091 1084 1231 1150 voluntas
1245 1095 1292 1148 est
1306 1093 1371 1148 tota

268 1203 339 1259 actu
353 1217 382 1258 n.
399 1197 449 1260 M.
465 1217 544 1261 conc.
561 1199 630 1260 min.
646 1219 676 1261 o.
693 1217 770 1261 coru.
815 1197 913 1261 Actus
928 1196 1105 1261 intellectivi
1120 1206 1150 1260 et
1166 1193 1281 1260 volitivi
1303 1196 1371 1259 ideo

269 1308 301 1371 in
317 1307 406 1373 nobis
421 1309 500 1373 fiunt
516 1331 587 1373 cum
602 1309 703 1394 aliquo
719 1317 814 1388 motu,
831 1309 902 1393 quia
917 1331 1023 1373 sumus
1038 1309 1071 1372 in
1088 1309 1246 1394 potentia3
1270 1309 1370 1372 sedin

269 1429 380 1484 natura
402 1420 469 1505 ipsa
490 1421 599 1484 talium
621 1427 747 1484 actuum
768 1441 823 1505 per
846 1441 878 1483 se
892 1419 996 1483 nullus
1012 1418 1180 1483 includitur
1194 1429 1316 1482 motus:
1340 1429 1371 1482 et
1406 1487 1407 1492 γ

270 1531 313 1594 sic
335 1530 476 1608 diximus,
500 1531 619 1615 agendo
643 1530 680 1596 de
701 1531 872 1596 substantia
892 1529 1042 1615 spirituali
1065 1533 1108 1614 (n.
1132 1532 1199 1613 65),
1222 1540 1372 1615 praesente

270 1649 341 1704 actu
364 1641 462 1726 specie
484 1641 641 1726 impressa,
660 1641 849 1706 intellectum
873 1663 936 1705 non
958 1642 1095 1726 indigere
1118 1651 1205 1705 motu
1227 1641 1266 1705 ad
1288 1642 1371 1705 intu-

271 1752 395 1830 endum,
419 1750 678 1837 quemadmodum
700 1753 793 1817 etiam
815 1753 846 1817 S.
862 1753 995 1817 Thomas
1018 1753 1115 1818 docet.
1159 1753 1201 1816 Et
1223 1753 1371 1833 similiter,

270 1863 420 1928 existente
435 1863 546 1930 actuali
561 1865 672 1929 affectu
687 1865 718 1929 in
735 1865 901 1944 voluntate,
918 1865 1059 1930 voluntas
1074 1887 1137 1929 non
1152 1865 1271 1948 indiget
1286 1875 1373 1929 motu

272 1976 311 2038 ad
333 1974 585 2039 consentiendum
596 2001 605 2054 3
637 1975 709 2060 quia
731 1983 832 2040 motus
855 1976 1010 2061 perficitur
1032 1985 1154 2040 tantum
1177 1977 1207 2039 in
1227 1977 1373 2062 potentiis

271 2087 407 2173 passivis.
454 2087 503 2151 Dc
517 2088 585 2152 Deo
600 2088 704 2172 igitur,
720 2088 774 2172 qui
789 2088 904 2151 nullam
921 2089 1013 2152 babet
1028 2088 1196 2173 potentiam
1211 2088 1372 2173 passivam,

273 2198 334 2262 dici
356 2206 478 2262 tantum
500 2206 603 2283 potest
625 2198 708 2284 quod
730 2199 794 2284 agit
817 2221 852 2263 ex
875 2200 1044 2264 intentione
1058 2200 1133 2264 boni
1147 2209 1230 2264 extra
1245 2223 1277 2264 se
1291 2222 1372 2264 oom-

273 2310 458 2389 municandi,
476 2311 527 2375 sed
544 2333 606 2375 non
621 2310 704 2396 quod
720 2319 858 2375 movetur
872 2334 890 2375 a
904 2312 995 2376 bono.

316 2423 366 2486 Ad
389 2420 552 2487 secundam
575 2422 784 2508 probationem
806 2425 874 2486 dist.
893 2425 940 2487 M.
958 2423 1011 2507 qui
1032 2423 1166 2487 intendit
1188 2423 1281 2486 finem
1304 2431 1374 2487 actu

274 2534 431 2597 entitative
457 2534 601 2598 distincto
625 2534 663 2597 ab
687 2557 722 2597 eo
746 2555 807 2618 quo
834 2536 1030 2618 consequitur
1052 2535 1144 2598 finem
1169 2543 1214 2597 cst
1239 2535 1270 2596 in
1289 2544 1376 2598 motu

275 2646 423 2710 tendendi
437 2669 462 2710 c.
478 2647 539 2724 M.‚
555 2645 608 2730 qui
632 2645 765 2709 intendit
790 2645 882 2708 finem
909 2646 1015 2710 eodem
1039 2646 1197 2710 entitative
1217 2652 1290 2708 actu
1313 2668 1375 2730 quo

275 2757 368 2820 finem
390 2757 586 2840 consequitur
600 2779 629 2819 n.
646 2757 695 2819 M.
712 2779 736 2820 c.
753 2758 822 2820 mira.
847 2777 876 2820 n.
893 2779 969 2821 conr.
1016 2756 1107 2820 Ratio
1129 2765 1176 2819 est
1198 2756 1269 2840 quia
1290 2763 1376 2820 ceter·

276 2867 432 2932 nitassDei
447 2889 510 2930 non
528 2875 574 2930 est
597 2867 772 2946 successiva,
789 2867 842 2931 sed
863 2875 928 2930 tota
949 2867 1061 2945 simul;
1084 2878 1114 2931 et
1139 2868 1205 2931 ideo
1228 2866 1378 2952 quidquid

278 2979 393 3043 factum
410 2987 456 3042 est
471 2978 518 3041 vel
533 2978 586 3041 fiet
600 2979 633 3040 in
649 2985 713 3042 tota
728 2979 917 3042 successione
931 2979 1078 3064 temporis
1094 2988 1140 3041 est
1155 2987 1226 3042 actu
1245 2999 1379 3063 praesens

278 3113 334 3174 pro
357 3091 425 3154 Deo
454 3091 486 3154 in
516 3091 677 3176 praesentia
705 3081 900 3168 aeternitatis}
931 3099 961 3154 ct
991 3092 1032 3155 sic
1058 3091 1144 3154 Deus
1169 3113 1232 3154 non
1260 3091 1379 3173 cogitur

279 3211 458 3286 exspectare,
476 3201 529 3264 scd
550 3210 621 3265 actu
640 3201 732 3265 babet
752 3211 848 3265 totam
870 3202 998 3285 gloriam
1021 3203 1219 3266 extrinsecam
1244 3224 1337 3285 quam
1361 3224 1378 3264 a

279 3313 423 3378 creaturis
446 3313 588 3376 intendit.
635 3313 696 3377 Sed
718 3315 789 3398 quia
811 3336 868 3377 nos
888 3335 951 3377 non
965 3335 1129 3398 possumus
1144 3314 1278 3396 cogitare
1292 3323 1379 3377 aeter·

279 3425 406 3488 nitatem
421 3424 483 3487 nisi
491 3447 561 3488 cum
572 3425 785 3508 phantasmate
797 3425 1003 3504 successionis,
1015 3425 1084 3488 idco
1095 3425 1265 3508 cogitamus
1276 3424 1379 3488 Deum

280 3546 435 3620 tamquam
445 3536 517 3599 huic
527 3536 708 3600 successioni
719 3537 964 3621 respondentem,
975 3544 1006 3598 et
1016 3537 1180 3600 successive
1190 3536 1379 3598 obtinentem

281 3646 408 3730 gloriam
427 3667 480 3731 per
500 3647 683 3710 successivos
705 3655 791 3710 actus
814 3654 1038 3710 creaturarum:
1062 3645 1145 3731 quod
1168 3655 1267 3710 totum
1283 3655 1381 3710 estex

281 3757 508 3842 imperfectione
523 3757 619 3820 nostri
634 3757 717 3820 modi
732 3757 944 3841 cognoscendi.

323 3869 373 3933 Ad
392 3870 513 3934 tertiam
534 3868 744 3953 probationem
767 3869 835 3932 dist.
852 3870 902 3932 M.
924 3869 978 3952 qui
997 3869 1131 3932 intendit
1148 3869 1240 3932 finem
1256 3891 1318 3953 quo
1333 3869 1380 3931 in-

282 3981 412 4074 trinsece
423 3979 578 4065 perficitur
588 4004 612 4044 ο.
625 3982 686 4059 M„
699 3985 752 4064 qui
762 3979 895 4043 intendit
910 3980 1003 4044 finem
1019 4003 1079 4065 quc
1095 3977 1299 4045 communicat
1315 3980 1381 4043 aliis

281 4092 495 4176 perfectionem
516 4115 545 4154 n.
561 4093 607 4154 M.
625 4115 704 4156 conc.
718 4094 788 4156 min.
811 4113 840 4156 n.
857 4115 935 4156 coos.
979 4092 1021 4154 llt
1041 4092 1106 4155 haec
1127 4091 1283 4176 responsio
1297 4091 1383 4155 nulla

282 4225 359 4267 nova
373 4202 572 4288 explicatione
587 4201 714 4286 indiget.
811 4265 812 4269 ,

323 4316 377 4378 47.
406 4316 531 4378 Obiicies
546 4317 589 4378 2⁰.
612 4313 713 4397 Agere
728 4315 767 4378 ad
781 4315 934 4399 propriam
958 4314 1086 4397 gloriam
1111 4323 1156 4378 est
1175 4313 1381 4393 ambitiosum,
