3240 4986
272 375 336 438 104
735 399 778 442 nn
795 395 924 442 nunno.
1233 375 1320 459 [oar.
1337 393 1377 438 11.

277 563 353 641 Deo,
369 571 517 647 tamqnam
534 585 611 647 pere
632 566 663 626 in
680 572 761 628 toto:
785 585 843 627 aon
865 563 979 645 quidem
1001 564 1033 626 in
1048 569 1109 626 toto
1125 561 1262 645 fmmoli,
1275 563 1328 626 sed
1346 563 1378 624 in

275 681 337 739 toto
354 674 469 758 infinito
490 676 716 759 simplicissimo,
732 676 811 759 qnod
826 697 895 738 neos
909 676 995 758 quon
1008 682 1114 758 portes
1128 676 1236 758 chaque
1249 673 1311 737 nlla
1331 675 1379 736 eati

276 786 415 850 diuisione
429 795 459 852 et
472 787 663 850 diminutione
677 795 762 851 entra
776 808 806 848 re
814 787 913 868 ponit.
960 785 1034 849 llaec
1044 784 1204 849 creationis
1218 783 1378 869 explicatio

276 897 418 980 congruit
432 919 503 961 cum
525 896 602 962 ideis
616 896 871 981 pantheistarum,
885 904 917 960 et
939 895 1053 960 multas
1067 895 1215 960 falsitates
1230 895 1376 961 continet.

276 1007 390 1088 Primo,
399 1009 538 1073 essentiae
552 1030 654 1073 rerum
666 1030 729 1072 non
739 1008 936 1106 continentur
947 1007 980 1071 in
991 1008 1059 1072 Deo
1070 1007 1190 1072 realiter
1196 1007 1376 1091 fnnanliter,

276 1118 330 1184 secl
351 1119 472 1184 realiter
491 1122 665 1184 eminenter:
688 1117 721 1183 id
741 1127 868 1184 estnon
888 1119 1086 1184 continentur
1105 1117 1272 1184 secundum
1291 1117 1375 1182 illam

276 1230 444 1296 realitatem
467 1253 558 1317 quam
582 1231 697 1296 habent
719 1229 752 1295 in
775 1230 882 1317 seipsis
900 1239 972 1316 post
993 1229 1186 1310 creationem,
1201 1229 1325 1314 quando
1343 1228 1378 1292 in

274 1343 397 1426 propria
422 1342 521 1407 forma
545 1342 633 1407 linita
662 1342 808 1422 existunt,
832 1341 886 1407 sed
910 1341 1078 1406 secundum
1108 1341 1275 1406 realitatem
1301 1340 1377 1405 emi·

275 1461 400 1517 nentem
421 1453 531 1518 divinae
551 1452 739 1533 substantiae,
756 1461 908 1539 quatenus
929 1452 995 1517 haec
1016 1459 1063 1517 cst
1077 1453 1146 1517 lons
1165 1451 1266 1517 omnis
1287 1450 1378 1517 reali·

276 1564 359 1628 tatis.
414 1565 503 1630 Patet
529 1565 612 1629 enim
636 1564 720 1651 quod
745 1564 885 1631 adverbia
900 1565 1072 1649 fonnoliter
1099 1571 1132 1628 et
1160 1565 1317 1628 eminenter
1345 1585 1378 1626 se

277 1684 386 1739 mutuo
409 1674 577 1740 excludunt
586 1701 597 1754 3
618 1674 778 1760 explicatio
793 1684 896 1740 autem
914 1675 1066 1741 dictorum
1084 1682 1243 1740 auctorum
1256 1673 1379 1738 videtur

277 1808 448 1873 supponere
463 1786 545 1872 quod
560 1787 603 1867 id,
619 1787 703 1872 quod
717 1787 886 1852 eminenter
900 1788 1075 1853 continetur
1088 1787 1122 1852 in
1135 1788 1212 1867 Deo,
1229 1809 1247 1851 a
1260 1786 1378 1850 fortiori

277 1900 446 1965 formaliter
467 1901 617 1965 contineri
637 1900 754 1966 debeat.
801 1900 953 1996 Sccqndo,
969 1900 1068 1966 dicere
1087 1899 1169 1987 quod
1183 1922 1234 1965 ene
1249 1898 1378 1984 formale

275 2014 445 2078 substantie
458 2020 562 2077 mente
575 2021 724 2078 rennnneot
734 2021 807 2096 post
821 2015 994 2078 erectionem
1008 2014 1240 2097 comprehensum
1254 2013 1286 2076 in
1300 2012 1377 2088 Deo,

278 2144 340 2187 non
366 2123 465 2187 solum
488 2132 536 2188 est
560 2145 674 2208 ponere
700 2123 733 2187 in
756 2123 825 2187 Deo
848 2123 961 2187 formas
986 2123 1089 2187 finitas
1112 2131 1328 2201 creaturarum,
1342 2131 1379 2186 ut

278 2256 377 2319 nuper
398 2233 583 2314 notavimus,
598 2254 655 2299 nec
675 2233 773 2299 solum
792 2240 839 2298 est
858 2255 970 2321 ponere
991 2234 1023 2298 in
1038 2234 1107 2299 Deo
1129 2233 1296 2313 materiam,
1312 2255 1380 2319 quae

280 2352 327 2410 est
350 2345 582 2410 constitutivum
598 2344 777 2410 substantiae
799 2352 905 2410 creatae
919 2344 1055 2424 visibilis,
1071 2344 1124 2408 sed
1139 2344 1232 2409 etiam
1246 2351 1293 2409 est
1308 2365 1380 2429 sup-

278 2477 391 2542 ponere
406 2455 488 2541 quod
506 2463 650 2522 creaturae
664 2455 724 2520 iam
745 2463 817 2521 ante
830 2455 1013 2520 creationem
1027 2455 1199 2521 exstiterint
1211 2454 1381 2540 formaliter

278 2569 311 2630 in
325 2567 394 2631 Deo
402 2592 413 2646 3
436 2566 586 2652 siquidem
604 2574 674 2652 post
689 2565 871 2631 creationem
890 2567 1034 2632 dicuntur
1052 2590 1200 2632 renmnere
1212 2567 1380 2662 formaliter

280 2679 312 2742 in
326 2677 404 2762 ipso.
449 2678 553 2762 Atque
566 2677 625 2742 hoc
639 2686 685 2743 est
700 2678 929 2765 pautheismum
943 2679 1046 2764 ipsum
1065 2701 1206 2758 asserere,
1222 2687 1254 2744 et
1268 2701 1379 2763 negare

277 2811 399 2854 omnem
414 2811 515 2853 reram
531 2789 733 2868 creationem3
756 2811 828 2854 nam
844 2789 927 2875 quod
948 2813 1069 2875 semper
1082 2791 1199 2856 exstitit
1212 2790 1379 2855 formaliter

276 2903 310 2964 in
331 2901 399 2964 Deo
424 2908 471 2965 est
493 2899 580 2964 Deus
602 2909 633 2964 et
657 2911 703 2965 est
725 2909 883 2981 aeternum,
899 2901 1112 2983 necessarium,
1132 2901 1333 2980 immutabile,
1349 2909 1380 2964 et

280 3018 500 3094 consequenter
514 3010 608 3075 creari
623 3032 685 3075 non
701 3011 820 3096 potuit:
843 3018 874 3076 et
890 3011 932 3076 sic
947 3034 1005 3091 res,
1020 3034 1089 3096 quae
1103 3011 1249 3076 dicuntur
1263 3019 1380 3090 creatae,

280 3142 343 3184 non
358 3127 460 3184 essent
477 3127 595 3199 creata,
611 3120 665 3185 secl
679 3128 803 3185 tantum
825 3121 1050 3206 quodammodo
1070 3122 1226 3187 translata
1243 3122 1283 3186 ad
1296 3130 1381 3187 extra

278 3231 514 3310 accidentaliter,
541 3232 620 3296 sicut
644 3233 775 3317 pecunia
803 3254 839 3297 cx
868 3232 1009 3317 cophino,
1032 3233 1080 3298 vel
1108 3234 1200 3318 piscis
1229 3256 1265 3298 ex
1293 3233 1380 3298 mari.

277 3344 389 3424 Tertio,
414 3343 512 3410 dicere
535 3343 619 3429 quod
644 3366 699 3408 ens
723 3344 902 3409 substantiae
926 3353 1033 3409 creatae
1057 3346 1233 3411 continetur
1257 3347 1291 3410 in
1312 3346 1381 3410 Deo

278 3466 427 3540 tamqnam
435 3478 511 3540 pora
525 3458 556 3519 in
571 3464 641 3536 toto,
657 3456 750 3520 etiam
770 3477 839 3520 cum
863 3455 1033 3520 correctivis
1047 3479 1106 3521 non
1112 3456 1237 3542 sonnali
1250 3459 1302 3522 sed
1314 3456 1380 3541 infl-

278 3570 351 3647 nito,
361 3576 430 3647 etc,
439 3575 487 3631 est
497 3588 610 3652 ponere
619 3566 651 3630 in
663 3567 731 3632 Deo
740 3567 945 3653 passivitatem
956 3575 988 3631 et
997 3568 1247 3652 compositionem
1258 3568 1380 3633 realem.

278 3679 359 3744 Nam
375 3678 443 3743 idea
457 3678 553 3743 totius
567 3687 712 3743 connotat
727 3701 889 3743 numerum
904 3685 958 3743 aut
978 3678 1085 3742 saltem
1099 3680 1328 3759 extensionem
1351 3686 1383 3744 et

278 3789 345 3855 haec
361 3798 538 3873 supponunt
554 3789 722 3870 materiam,
734 3789 782 3854 vel
796 3789 912 3874 aliquid
927 3790 1063 3856 materiae
1077 3792 1250 3877 analogum.
1295 3792 1381 3856 Deus

279 3909 381 3965 autem
397 3909 443 3965 est
457 3924 554 3986 purus
569 3908 665 3980 actus,
678 3907 708 3965 et
722 3900 756 3964 in
771 3909 842 3966 actu
856 3921 913 3966 nec
927 3924 1074 3966 numerus
1088 3923 1145 3967 nec
1159 3901 1295 3967 extensio
1309 3923 1381 3966 con·

280 4012 341 4096 cipi
362 4019 474 4097 potest,
491 4011 544 4076 sed
567 4011 631 4076 sola
650 4012 796 4097 perfectio
818 4011 1070 4098 caritativeque
1087 4035 1105 4079 a
1126 4012 1215 4079 nobis
1230 4013 1382 4098 cogitatur

279 4122 470 4187 admodum
494 4123 680 4188 intensitatis
703 4122 907 4209 perfectionis.
952 4123 1142 4210 Compositio
1165 4134 1268 4190 autem
1293 4125 1383 4190 realis

278 4232 409 4298 habetur
434 4234 683 4319 quotiescumque
706 4257 804 4299 unum
829 4235 966 4300 continet
989 4237 1078 4321 plura
1101 4244 1173 4302 actu
1193 4235 1314 4302 realiter
1336 4236 1383 4302 di-

281 4346 392 4410 stincta
402 4369 412 4424 ς
435 4368 531 4431 quum
551 4355 653 4411 autem
673 4369 721 4412 res
740 4361 846 4411 omnes
869 4347 1036 4417 secundum
1059 4371 1150 4413 suum
1169 4371 1235 4415 esse
1256 4349 1382 4416 formale
