3240 4986
302 375 366 438 132
388 365 392 374 ’
750 397 801 440 ua
818 397 948 442 murno.
1247 375 1333 460 [car.
1347 393 1403 438 111.

299 559 398 645 magis
409 560 559 641 accedere,
571 581 703 645 quorum
713 569 881 648 utrumque
895 570 975 628 emat
989 561 1022 626 in
1037 556 1275 626 destructionem
1288 559 1401 638 rerum,

299 670 354 736 sed
372 671 416 738 ita
437 679 474 738 ut
495 680 616 738 servent
635 680 810 739 constanter
829 695 899 738 suas
918 672 1058 759 periodos
1083 671 1308 738 revolutionum
1331 692 1402 736 cnm

300 791 372 869 apta
386 791 604 870 tempestatum
620 784 846 866 distributione,
861 807 932 850 eum
952 783 1151 850 alternatione
1169 782 1269 848 noctis
1291 788 1322 846 et
1342 780 1402 846 diei

298 894 462 961 utilissima
479 903 546 962 tum
560 895 744 962 animalibus
758 905 825 963 tum
835 897 1065 982 vegetabilibus.
1107 895 1160 962 Ad
1172 895 1248 975 haec,
1264 894 1290 959 si
1304 893 1401 979 quod-

299 1007 375 1073 libet
388 1029 488 1093 genus
499 1007 666 1074 viventium
677 1009 896 1089 consideretur,
907 1007 1059 1095 stupenda
1069 1029 1195 1094 prorsus
1205 1027 1401 1091 organorum,

299 1119 490 1200 laevrltatum,
519 1119 723 1186 instinctuum
752 1119 940 1186 coordinatio
969 1121 1002 1184 in
1031 1118 1175 1184 omnibus
1203 1125 1235 1183 et
1271 1115 1401 1202 singulis

300 1230 566 1318 deprehendetur:
588 1240 620 1297 et
634 1253 697 1318 quo
710 1231 809 1318 magis
825 1232 947 1318 singula
957 1231 1005 1298 vel
1016 1252 1152 1296 seorsum
1164 1228 1401 1307 consideramus,

298 1342 346 1408 vel
361 1365 431 1409 cum
446 1343 562 1408 caeteris
573 1365 794 1429 comparamus,
806 1350 893 1408 tanto
904 1343 1008 1428 plures
1016 1341 1274 1428 apprehendimus
1285 1338 1400 1404 ordinis

298 1454 433 1520 rationes
443 1455 703 1540 perlectisssimas,
712 1477 749 1520 ex
763 1454 875 1542 quibus
889 1454 1039 1520 infinitam
1053 1452 1205 1518 Creatoris
1220 1449 1401 1538 sapientiam

297 1565 482 1652 detegimus.
526 1566 703 1653 Praecipuus
725 1575 830 1632 tamen
855 1566 931 1631 ordo
954 1565 988 1631 in
1004 1564 1121 1631 mundo
1140 1564 1270 1629 habetur
1287 1585 1323 1627 ex
1342 1563 1400 1627 hoc

299 1676 383 1762 quod
406 1684 551 1742 creatmaa
576 1657 764 1742 irrationales
788 1676 970 1742 ordinentur
995 1675 1028 1740 in
1052 1675 1169 1740 bonum
1195 1681 1399 1740 creaturarum

300 1784 506 1867 rationalium,
522 1795 558 1851 ut
577 1785 626 1852 hae
642 1795 859 1852 conserventur
878 1794 909 1852 et
930 1793 1126 1851 exerceantur
1143 1785 1176 1850 in
1190 1784 1250 1848 Dei
1266 1782 1399 1862 laudem,
1523 1866 1527 1874 .

299 1903 331 1961 et
348 1895 387 1962 ud
407 1897 562 1984 propriam
576 1896 753 1962 felicitatem
768 1896 1009 1984 assequendam
1032 1905 1147 1962 creatus
1161 1895 1243 1960 enim
1258 1904 1302 1960 est
1316 1897 1400 1960 boma

297 2007 341 2071 ad
361 2009 437 2073 leuno
454 2008 557 2094 finem,
577 2017 612 2073 ut
628 2011 788 2074 Dominum
806 2011 905 2073 Deum
925 2031 1011 2074 mum
1036 2009 1144 2088 aaut,
1167 2031 1204 2073 ue
1225 2015 1400 2087 amnentur,

297 2122 383 2202 ciprac
396 2122 515 2200 sumat,
531 2128 561 2186 et
568 2143 626 2206 per
639 2122 700 2187 luc
712 2121 804 2185 sulcet
817 2123 946 2184 animam
958 2143 1051 2185 uum.
1088 2120 1216 2204 Reliqua
1231 2141 1297 2184 uera
1311 2141 1401 2202 supra

298 2239 408 2297 terram
428 2234 487 2297 situ
509 2233 624 2298 cmtdita
645 2239 716 2297 sunt
730 2240 855 2318 propter
875 2233 1031 2312 bominem,
1053 2240 1083 2299 ct
1104 2239 1138 2295 ut
1160 2254 1224 2295 aum
1245 2212 1343 2296 iuueni
1368 2233 1401 2296 in

292 2346 497 2428 prosecutione
504 2344 589 2427 finis,
604 2345 640 2408 ob
655 2367 739 2428 quem
753 2352 868 2408 creante
882 2352 935 2424 cst,
951 2351 1007 2407 etc.
1027 2341 1091 2426 (lib.
1107 2342 1254 2426 exercit).

343 2455 377 2520 si
399 2478 467 2541 quac
488 2455 673 2527 obiectiones
694 2463 801 2520 contra
822 2453 961 2519 ordinem
982 2452 1092 2518 mundi
1110 2461 1280 2535 occurrant,
1295 2475 1398 2518 carum

296 2565 411 2631 solutio
425 2590 462 2632 ex
474 2567 526 2647 iis,
535 2588 604 2654 quae
618 2566 656 2632 de
670 2565 860 2652 providentia
875 2565 987 2632 dicturi
1002 2587 1109 2630 sumus
1123 2564 1213 2648 infra,
1225 2564 1400 2652 accipienda

294 2686 354 2746 ost.

677 2848 859 2893 surrectus
875 2847 1024 2893 ruamus.

621 2980 671 3042 Dc
684 2978 795 3064 tepidus
809 2986 839 3042 et
853 2999 940 3042 cursu
953 2985 1076 3042 natura.

340 3129 402 3192 56,
420 3121 541 3192 Natura
569 3134 616 3194 eat
644 3149 759 3192 nomen
788 3126 989 3208 collectivum,
1008 3147 1071 3212 quo
1094 3125 1291 3211 designamus
1314 3149 1396 3192 com·

295 3237 420 3323 plexum
438 3261 541 3306 rerum
560 3239 758 3320 naturalium,
778 3238 813 3306 in
835 3247 987 3325 quantum
1013 3261 1204 3326 unaquaeque
1227 3240 1399 3306 substantia

296 3349 444 3415 naturalis
465 3360 513 3416 est
535 3373 571 3434 ex
593 3351 657 3416 suis
679 3349 853 3416 intrinsecis
874 3358 979 3436 parata
1000 3350 1040 3415 ad
1062 3350 1179 3437 aliquid
1198 3351 1397 3417 determinate

296 3462 485 3527 causandum
513 3471 568 3528 aut
596 3461 777 3548 patiendum
804 3461 839 3526 in
867 3461 1077 3527 determinatis
1106 3461 1268 3536 adiunctis
1313 3465 1395 3528 Nam

295 3580 405 3638 natura
426 3573 569 3659 quaelibet
590 3574 624 3638 in
645 3573 821 3659 particulari
842 3563 967 3658 accepta¹
981 3581 1029 3638 est
1043 3572 1197 3658 quoddam
1212 3573 1395 3660 principium

294 3684 407 3770 agendi
424 3695 455 3750 et
475 3684 612 3772 patiendi
634 3684 843 3750 determinate.
890 3683 973 3748 Hinc
993 3685 1042 3748 lec
1055 3693 1167 3750 natura
1181 3693 1228 3750 est
1242 3685 1290 3750 lex
1304 3708 1395 3773 quam

294 3820 343 3862 res
357 3797 512 3866 naturales
527 3805 699 3883 sequuntur
712 3796 745 3860 in
761 3795 879 3881 agendo
893 3803 925 3860 et
939 3795 1093 3881 patiendo.

338 3909 379 3974 ln
409 3908 526 3973 mundo
551 3907 700 3973 materiali
728 3907 828 3972 omnis
857 3907 936 3972 actio
966 3906 1067 3972 tendit
1096 3905 1136 3972 ad
1164 3907 1397 3992 producendum

293 4029 416 4086 motum
431 4020 567 4100 localem,
579 4028 610 4084 et
621 4019 720 4084 omnis
731 4018 831 4104 passio
842 4028 888 4084 cst
902 4019 1035 4104 receptio
1050 4029 1162 4084 motus.
1207 4018 1271 4085 nex
1285 4021 1398 4106 agendi

293 4132 325 4198 in
345 4133 454 4218 primis
471 4154 631 4218 corporum
652 4130 810 4196 elementis
830 4140 877 4196 est
899 4131 953 4196 illa
972 4131 1149 4197 notissima:
1173 4132 1314 4197 Actiones
1327 4141 1397 4199 sunt

293 4246 452 4310 iuratione
467 4245 580 4310 inversa
595 4244 804 4328 quadraturam
821 4243 1036 4323 distantiarum,
1052 4265 1119 4328 quae
1134 4241 1213 4306 valet
1226 4264 1283 4328 pro
1304 4243 1396 4307 mini·

294 4355 353 4422 mis
370 4354 524 4420 distantiis
543 4378 605 4419 non
628 4353 730 4422 minus
750 4373 785 4420 aa
804 4375 861 4438 pro
876 4353 1024 4434 maximis,
1040 4362 1077 4418 ut
1092 4376 1148 4418 suo
1162 4353 1229 4420 loco
1244 4352 1394 4422 vidimusr

1602 343 1610 852 l
