3222 4984
242 365 311 410 car.
329 346 368 430 u]
548 422 551 427 ¹
681 369 723 412 nn
740 369 905 414 inrmmo.
1279 357 1344 418 209

244 546 327 632 quod
348 537 477 632 positive
498 547 710 632 cognoscimus
730 548 768 612 de
790 549 860 628 illo;
895 571 1000 614 verum
1022 548 1103 613 enim
1126 556 1184 630 est,
1207 549 1239 613 id
1261 550 1344 634 quod

243 656 358 721 excedit
384 679 505 722 omnem
534 680 707 722 mensuram
730 669 761 722 et
784 659 871 722 cuins
899 658 1016 744 aliquid
1046 682 1166 744 semper
1188 667 1234 724 est
1257 667 1343 724 extra

243 769 511 848 mensurationem,
527 790 592 833 esse
607 769 773 833 infinitum.

289 881 340 944 18.
364 879 521 956 Quaeritur
548 880 738 959 duodecimo,
767 903 897 964 quereum
919 884 1054 947 videatur
1076 886 1187 968 optima
1209 883 1340 968 definitio

242 989 361 1076 infiniti.

286 1087 476 1188 Respondeo,
492 1105 646 1168 infinitum
663 1105 696 1168 in
711 1125 821 1188 genere
846 1103 960 1190 optime
984 1106 1103 1170 definiri
1118 1108 1151 1170 id
1171 1107 1341 1190 quadraret

234 1213 308 1298 fine.
353 1215 441 1280 Patet
456 1239 492 1280 ex
507 1216 697 1300 supradictis,
712 1217 807 1280 immo
827 1238 863 1280 ex
886 1238 977 1280 sensu
992 1218 1157 1282 communi.
1203 1218 1245 1282 ut
1266 1239 1339 1282 oon·

240 1325 380 1391 firmatur
388 1351 397 1405 ς
420 1350 491 1391 nam
509 1332 542 1392 1ο
553 1328 618 1392 haec
633 1327 769 1392 definitio
784 1327 857 1392 dicit
872 1327 905 1392 id
919 1335 1018 1392 totum
1035 1336 1065 1392 et
1081 1328 1191 1408 solum,
1200 1329 1283 1414 quod
1292 1337 1338 1393 est

240 1435 273 1499 in
289 1435 372 1500 omni
393 1437 609 1502 infinitudine:
632 1441 668 1502 2⁰
690 1437 742 1502 dat
764 1438 911 1502 rationem
934 1439 1073 1503 omnium
1095 1461 1163 1524 quae
1182 1438 1338 1525 praedicari

240 1557 369 1630 possunt
396 1549 433 1612 de
456 1549 576 1613 infinito
585 1575 595 1628 3
629 1557 660 1612 et
675 1557 893 1633 consequenter
912 1549 1054 1634 exprimit
1076 1550 1140 1614 eius
1155 1551 1340 1615 essentiam:

241 1661 275 1722 3⁰
289 1660 464 1744 praescindit
490 1661 528 1725 ab
552 1661 780 1746 imperfectione
812 1669 976 1744 conceptus
999 1661 1184 1747 potentialis,
1204 1670 1235 1726 et
1267 1662 1337 1726 licet

240 1780 384 1836 connotet
404 1773 608 1857 operationem
630 1795 691 1858 qna
704 1795 843 1856 neyomus
857 1772 999 1852 limitem,
1014 1781 1210 1858 repraesentat
1231 1781 1335 1838 tamen

239 1881 392 1947 obiectum
400 1887 528 1968 positive
541 1885 708 1963 infinitum,
725 1907 778 1948 seu
792 1884 960 1948 realitatem
981 1884 1142 1969 positivam
1165 1883 1315 1949 infinitam
1327 1910 1336 1962 ;

240 1993 311 2079 quia
333 1995 390 2059 etsi
405 2018 504 2060 curere
518 1995 599 2061 dicat
620 1995 825 2080 negationem,
845 2004 949 2060 tamen
972 2018 1071 2060 curere
1088 1996 1222 2090 fineest
1237 2017 1337 2062 carere

239 2105 291 2169 ilia
305 2107 478 2192 negatione,
493 2130 561 2193 quae
576 2107 689 2173 dicitur
707 2107 795 2186 finis;
818 2115 850 2172 et
872 2107 915 2172 sic
936 2107 1135 2192 praedicatum
1157 2131 1259 2174 curere
1273 2108 1338 2194 fine

239 2226 286 2281 est
301 2218 523 2284 affirmativum.

283 2330 383 2393 Dices.
409 2329 484 2395 Haec
499 2329 635 2394 definitio
650 2340 697 2394 est
711 2330 863 2410 identica;
886 2353 959 2415 ergo
973 2353 1036 2395 non
1051 2339 1098 2395 est
1112 2331 1202 2396 bona.

284 2441 465 2527 Respondeo
491 2442 558 2507 dor.
585 2451 648 2506 ont.
672 2450 719 2506 eat
741 2441 874 2506 identica
897 2463 990 2506 sensu
1013 2465 1038 2506 c.
1059 2449 1120 2506 ont.
1142 2442 1333 2527 expressione

239 2578 269 2618 n.
295 2563 357 2619 ont.
382 2563 411 2619 et
434 2577 511 2618 cons.
568 2553 679 2618 Omnis
701 2553 782 2617 bona
802 2553 938 2618 definitio
959 2553 1060 2637 quoad
1082 2577 1146 2617 rem
1159 2554 1249 2618 debet
1272 2578 1337 2620 esse

239 2666 371 2730 identica
385 2688 456 2730 cnm
479 2687 534 2730 suo
556 2665 691 2744 definito,
707 2665 760 2729 sed
778 2665 809 2728 in
830 2664 921 2729 modo
943 2663 1132 2749 exprimendi
1154 2664 1245 2730 debet
1266 2689 1337 2750 pro·

239 2777 343 2841 cedere
362 2799 416 2862 per
436 2800 533 2861 genus
551 2785 582 2840 et
606 2776 817 2841 differentiam.
875 2775 944 2840 Hoc
966 2783 1068 2839 autem
1085 2784 1209 2860 praestat
1232 2786 1337 2842 nostra
1425 2797 1427 2802 '

239 2889 375 2953 definitio
390 2888 511 2952 infiniti.
566 2888 671 2952 Genus
688 2887 863 2952 continetur
883 2909 956 2951 voce
976 2888 1016 2966 id,
1032 2886 1202 2952 differentia
1225 2897 1272 2953 est
1286 2913 1335 2954 co·

238 3003 334 3065 rectio
341 2999 425 3084 flare,
437 3022 491 3084 per
505 3021 596 3084 quam
611 3021 659 3063 res
674 2999 872 3063 constituitur
885 2997 1015 3062 infinita.
1061 2995 1238 3063 Verum'est
1253 3001 1336 3085 quod

236 3111 418 3176 vocabulum
425 3112 502 3197 finis
516 3121 546 3175 et
561 3113 696 3176 carentia
710 3110 885 3174 continetur
898 3108 1044 3194 implicite
1063 3109 1096 3173 in
1112 3110 1258 3175 definito:
1282 3113 1335 3177 sed

236 3223 294 3289 hoc
311 3247 374 3288 non
397 3225 497 3288 refert.
544 3223 625 3287 Nam
640 3230 715 3286 tnnc
730 3221 873 3286 vitiosum
895 3231 940 3285 est
961 3221 1115 3305 implicare
1138 3222 1257 3287 eosdem
1275 3233 1334 3287 ter'-

236 3334 335 3399 minos
358 3335 392 3397 in
417 3333 593 3398 definitione
617 3341 647 3396 et
674 3331 808 3412 definito,
825 3331 947 3416 quando
963 3331 1124 3395 definitum
1138 3331 1256 3416 indiget
1272 3343 1332 3397 ter-

236 3447 327 3510 minis
342 3447 440 3530 magis
455 3445 536 3510 notis
559 3445 686 3530 exponi:
711 3452 742 3507 at
756 3443 824 3506 idea
843 3444 1016 3526 negationis
1038 3452 1069 3506 et
1091 3443 1159 3506 idea
1173 3444 1244 3508 finis
1260 3453 1333 3508 sunt

236 3559 378 3622 omnibus
393 3558 568 3622 notissimae.
613 3555 696 3620 Addi
712 3562 823 3640 potest,
845 3554 962 3618 nullam
985 3554 1074 3618 aliam
1097 3576 1162 3619 esse
1183 3555 1332 3619 rationem

236 3667 399 3732 definiendi
413 3669 568 3731 infinitum
580 3675 619 3731 ut
634 3668 667 3730 in
682 3673 777 3730 seest.
816 3664 857 3728 ut
866 3664 1004 3728 definitio
1018 3663 1142 3748 quidem
1158 3664 1331 3728 Aristotelis

234 3779 327 3844 habet
341 3779 399 3843 hoc
413 3779 627 3843 inconveniens
642 3787 751 3862 praeter
765 3799 809 3855 ea,
822 3798 883 3860 qua
894 3776 975 3841 dicto
987 3784 1068 3853 sunt,
1081 3775 1164 3861 quod
1179 3775 1332 3840 contineat

232 4003 386 4081 vitiosum,
402 4009 437 4065 ut
452 4010 555 4086 patet3
571 3999 656 4064 nulla
667 4001 748 4063 enim
761 3999 874 4084 species
888 3998 1004 4062 infiniti
1019 3998 1108 4062 debet
1123 3998 1196 4083 poni
1211 3998 1243 4061 in
1266 3998 1331 4062 eins

234 4115 411 4180 definitione
427 4111 576 4197 generice.
622 4111 768 4175 Definitio
783 4119 885 4176 autem
901 4109 963 4189 illa,
973 4132 1033 4195 qua
1048 4109 1204 4174 infinitum
1221 4108 1332 4174 dicitur

231 4226 373 4292 excedere
388 4247 509 4288 omnem
526 4245 711 4300 mensuram,
727 4225 758 4284 in
776 4243 846 4287 voce
868 4244 980 4286 omnem
999 4220 1135 4285 continet
1150 4221 1260 4284 iterum
1277 4221 1331 4285 ali·

231 4361 323 4424 quam
339 4336 570 4401 multitudinem
585 4335 737 4399 infinitam
753 4334 858 4398 saltem
875 4334 907 4396 in
930 4333 1067 4418 potentia
1076 4359 1085 4410 ;
1109 4341 1139 4396 et
1159 4332 1228 4396 ideo
1243 4333 1330 4416 ponit

274 4470 347 4512 von.
366 4468 421 4511 111.
1137 4463 1155 4504 r
