3222 4984
277 360 341 422 160
587 376 629 420 nn
644 375 787 420 scmoun
804 374 862 419 nm
879 374 914 418 ru
932 372 1062 418 nonno.
1231 350 1319 434 [car.
1337 369 1374 411 11.

317 546 369 609 19.
392 543 450 608 Per
475 543 650 629 supradicta
675 543 796 610 videtur
826 543 900 606 mihi
930 542 1061 606 resoluta
1087 564 1124 605 ex
1154 540 1217 605 suis
1247 538 1375 624 propriis

276 655 432 741 principiis
459 665 524 720 tota
548 656 679 742 quaestio
703 656 740 720 de
765 655 869 718 divino
895 676 1054 719 concursu.
1100 652 1250 717 Maiorem
1274 661 1377 716 tamen

275 766 456 832 evidentiam
485 769 620 853 acquiret
646 767 784 832 doctrina
810 767 877 831 haec
902 789 939 831 ex
965 765 1116 830 solutione
1141 763 1375 828 difficultatum:

276 903 405 965 quarum
435 881 551 961 multae,
577 903 647 966 quae
676 904 694 945 a
723 879 923 944 Bannesianis
954 880 1159 963 proferuntur,
1182 877 1240 941 etsi
1269 878 1329 940 iam
1360 899 1377 940 a

276 991 365 1055 nobis
383 1002 615 1078 praeoccupatae,
631 991 789 1056 ulteriores
812 990 1024 1075 responsiones
1048 999 1213 1068 merentur,
1228 1012 1283 1074 per
1302 1011 1377 1074 quas

276 1103 403 1168 aliarum
418 1127 540 1190 quoque
554 1103 760 1168 obiectionum
776 1103 986 1167 communium
1002 1101 1114 1166 solutio
1129 1101 1290 1164 indicetur.

320 1216 504 1280 Bannesiani
527 1216 592 1300 (qui
617 1237 649 1280 se
671 1214 762 1279 etiarn
785 1215 959 1279 ‘l'homistas
982 1213 1154 1297 nominant)
1177 1212 1379 1277 communiter

275 1332 452 1406 tenuerunt,
468 1328 612 1391 virtutem
632 1335 764 1392 creatam
783 1349 846 1389 non
867 1348 932 1390 esse
950 1325 1131 1412 completam
1152 1325 1191 1390 ad
1214 1325 1377 1409 agendum,

277 1436 331 1500 sed
353 1437 491 1522 indigere
513 1439 656 1503 ulteriore
670 1438 894 1524 complemento
909 1447 945 1502 ut
966 1437 1005 1502 sb
1020 1437 1083 1501 otio
1098 1435 1137 1500 ad
1159 1445 1261 1500 actum
1277 1446 1377 1500 trans-

275 1547 399 1612 feratur.
427 1550 514 1638 'Hoc
529 1573 599 1615 vero
621 1549 879 1635 complementum
896 1550 1039 1614 dicebant
1054 1549 1120 1613 dari
1142 1571 1265 1613 acausa
1281 1547 1380 1632 prima

275 1657 400 1743 physice
422 1659 645 1724 determinante
667 1661 894 1725 creaturam'ad
915 1670 1027 1724 aetum.
1074 1659 1152 1724 Haec
1168 1659 1380 1723 determinatio

276 1769 433 1834 dicebatur
454 1793 519 1834 esse
534 1772 653 1855 praevia,
670 1771 742 1856 quia
756 1779 894 1835 creatura
909 1770 1067 1856 indigebat
1086 1793 1141 1856 per
1155 1793 1221 1834 eum
1236 1768 1381 1854 applicari

276 1880 315 1944 ad
335 1889 437 1946 actum
448 1907 459 1960 ;
481 1882 545 1946 haec
560 1883 642 1947 enim
663 1883 824 1968 applicatio
845 1883 988 1968 praecedit
1003 1891 1116 1948 actum.
1163 1882 1246 1945 Hinc
1264 1889 1379 1945 statue-

276 1990 361 2071 bant,
380 1992 497 2056 nnllam
521 2001 691 2057 creaturam
714 2016 812 2077 agere,
829 1993 890 2057 nisi
913 1993 970 2058 sub
991 1993 1308 2079 praedeterminatione
1335 1991 1380 2056 rel

275 2103 471 2188 praemotione
493 2105 636 2191 physica:
660 2114 691 2170 et
706 2114 927 2190 consequenter
949 2105 1041 2169 etiam
1056 2099 1245 2169 'voluntatem
1261 2104 1381 2167 liberam

275 2214 414 2299 indigere
436 2217 562 2304 physica
591 2216 906 2301 praedeterminatione
935 2216 974 2280 ad
1003 2216 1175 2300 agendum:
1202 2237 1257 2300 per
1287 2238 1379 2301 quam

275 2327 417 2391 ultimam
440 2328 665 2394 conclusionem
682 2351 824 2412 magnam
848 2328 906 2393 sibi
921 2327 1064 2392 creabant
1086 2327 1297 2393 difficultatem
1313 2336 1379 2391 tum

274 2437 307 2501 in
329 2439 470 2505 libertate
485 2439 684 2519 defendenda,
701 2450 768 2504 tum
786 2440 818 2503 in
841 2439 1018 2525 explicando
1041 2438 1195 2524 quomodo
1209 2438 1297 2502 Deus
1316 2460 1379 2501 non

274 2548 359 2613 fieret
374 2559 480 2614 auctor
497 2549 623 2634 peceati.
671 2551 729 2614 llis
747 2551 909 2636 praemissis
932 2550 969 2615 de
985 2550 1191 2636 pramotione,
1206 2574 1274 2636 quae
1296 2551 1381 2614 iuxta

275 2660 331 2725 hos
353 2671 491 2726 auctores
517 2674 582 2726 erat
604 2685 760 2726 concarata
774 2663 1086 2747 pravius,uveniamus
1112 2662 1150 2726 ad
1172 2662 1253 2747 ipsas
1274 2684 1381 2727 eorum

275 2774 573 2857 argumentationes:
596 2796 727 2858 quarum
742 2774 910 2859 praecipnas
925 2797 961 2838 ex
978 2773 1133 2838 Goudinio
1148 2773 1314 2853 extraham,
1327 2773 1380 2857 qui

277 2883 385 2949 dehac
400 2907 432 2948 re
443 2885 591 2949 latissime
600 2885 664 2970 egit
679 2885 711 2950 in
728 2906 783 2950 suo
798 2893 932 2950 tractatu
947 2883 1157 2969 philosophico
1168 2885 1218 2948 De
1226 2886 1291 2948 Deo
1300 2907 1379 2968 pra·

275 3003 396 3060 motare.

319 3107 373 3170 20.
397 3105 507 3190 Itaque
518 3106 617 3191 primo
632 3106 675 3172 sic
690 3107 889 3173 ratiocinatur
899 3106 1071 3170 Goudinins
1080 3128 1150 3170 cum
1166 3106 1233 3170 aliis
1244 3105 1380 3170 eiusdem

276 3215 404 3282 scholae:
431 3218 533 3282 Causa
546 3220 675 3284 secunda
694 3207 752 3282 non
767 3227 858 3304 apunt
877 3220 936 3282 nisi
950 3226 1033 3282 nauta
1048 3225 1077 3281 et
1092 3217 1244 3300 applicata
1259 3240 1278 3280 a
1292 3220 1379 3282 Deo.-

275 3329 328 3394 aed
348 3331 436 3392 motio
460 3329 512 3393 illa
535 3338 579 3393 eat
594 3331 721 3414 physica
744 3338 772 3394 et
789 3331 903 3414 praeta
924 3330 1032 3402 motio;
1055 3349 1122 3412 erpo
1147 3328 1235 3390 datur
1253 3329 1380 3411 physica

270 3442 431 3524 praemotio.
479 3441 583 3505 Maior
602 3449 646 3505 est
665 3418 737 3506 trita
759 3441 840 3524 apud
853 3441 1054 3525 philosophos,
1069 3447 1099 3503 et
1121 3440 1152 3502 in
1173 3461 1224 3502 ore
1243 3441 1379 3518 omniurn

276 3554 328 3635 qra‘
356 3552 464 3616 idcireo
489 3553 587 3616 Deum
616 3554 722 3618 abac
751 3562 785 3618 ut
807 3554 938 3635 primm
966 3561 1114 3630 motorem,
1144 3551 1223 3634 quod
1249 3552 1381 3614 omnibaa

275 3671 384 3726 motum
418 3663 576 3746 imprimat,
607 3665 704 3727 omnia
732 3663 868 3748 vindicet,
898 3664 1030 3728 amnica
1061 3663 1166 3747 apendi
1193 3661 1381 3744 moveatque

274 3775 402 3857 vigorem
425 3775 568 3856 inspiret:
593 3776 681 3838 etiam
703 3776 883 3858 approbante
913 3775 1070 3856 Scriptura
1098 3795 1203 3846 sacrm
1233 3780 1267 3836 ut
1289 3773 1382 3856 plane

274 3885 373 3949 nultus
384 3885 464 3949 bars
477 3886 661 3968 relinquatur
675 3885 851 3950 aduersariis
862 3893 923 3948 tam
933 3893 1030 3948 ratam
1044 3885 1206 3948 doetrtnam
1220 3883 1380 3968 inficiandi.

275 3997 456 4060 Miaorrero
465 3998 593 4080 probari
602 4005 702 4080 potest
715 3997 880 4064 rationibus
895 3996 1073 4060 ardentibus
1087 4003 1116 4058 et
1125 3995 1311 4073 auctoritate,
1322 4003 1379 4058 etc.

317 4106 357 4170 In
372 4107 429 4172 hac
444 4109 709 4192 argumentatione
723 4109 856 4193 aepanda
871 4116 915 4172 est
930 4109 1032 4187 maior,
1048 4106 1156 4171 saltem
1172 4105 1198 4170 si
1218 4104 1312 4169 motio
1327 4103 1380 4167 illa

275 4218 441 4302 accipiatur
463 4239 518 4303 pro
541 4218 799 4283 determinatione·
820 4218 1016 4302 superaddita
1038 4240 1136 4282 mnsae
1159 4215 1298 4281 secundae
1321 4216 1382 4278 iam

276 4329 428 4411 existenti,
456 4338 491 4394 ut
517 4353 535 4398 a
562 4331 715 4422 Gondiuio
739 4331 895 4416 accipitur.
941 4332 1024 4396 Nam
1048 4353 1145 4396 causae
1170 4328 1320 4394 naturales
1346 4349 1382 4390 ex
