3212 4986
262 347 304 412 52
743 359 785 402 nn
802 357 878 406 nro.
1208 332 1295 418 [car.
1312 349 1367 393 111.

266 535 385 594 mutato
400 525 483 592 enim
502 523 635 592 termino
654 521 820 602 relationis,
835 519 923 587 nullo
945 517 1037 586 modo
1054 526 1192 583 mutatur
1212 515 1368 582 relationis

267 639 438 706 subiectum
460 637 494 704 in
509 659 552 717 se,
567 635 621 702 sed
641 635 740 702 solum
763 633 971 700 denominatio
985 632 1109 698 relativa
1131 629 1259 697 subiecti
1273 636 1310 692 nt
1329 627 1368 692 ad
1421 649 1424 656 ·

266 750 435 818 terminum
460 772 493 815 se
516 747 685 814 referentis.
730 747 764 813 Si
788 768 859 813 vero
882 746 968 812 Deus
993 743 1072 810 nihil
1094 750 1185 822 creet,
1212 740 1370 806 deficiente

268 863 353 931 omni
367 860 499 926 termino
518 859 653 939 relativo,
669 881 732 923 non
753 858 918 924 haberetur
932 856 1034 942 aliqua
1055 855 1161 920 relatio
1176 853 1368 937 contingens,

267 981 299 1038 et
318 973 404 1038 Deus
418 994 481 1038 non
502 979 582 1040 esset
602 968 847 1036 denominandus
865 971 1005 1034 Creator:
1029 966 1160 1033 sednon
1182 964 1250 1029 ideo
1270 971 1370 1028 muts·

269 1093 354 1150 retur
364 1109 375 1164 ς
398 1083 470 1170 quia
493 1105 564 1150 esse.
580 1082 748 1148 formaliter
768 1089 922 1148 creantem
943 1102 1006 1146 non
1030 1078 1189 1145 constituit
1210 1077 1370 1142 entitatem

269 1195 441 1262 absolutam
456 1194 526 1274 Dei,
541 1216 637 1280 quum
658 1193 873 1258 antecedenter
887 1191 927 1257 ad
941 1213 1001 1256 aare
1015 1214 1079 1256 cum
1092 1197 1224 1274 respectu
1238 1189 1279 1252 od
1291 1186 1375 1251 aliud
1392 1197 1400 1208 ·

270 1305 391 1391 concipi
413 1305 521 1371 debeat
543 1305 672 1370 obsolute
691 1327 768 1370 ease:
791 1303 896 1369 referri
914 1311 1017 1370 autem
1032 1302 1079 1368 vel
1101 1324 1164 1367 non
1183 1301 1288 1366 referri
1309 1321 1372 1363 non

270 1427 317 1484 ast
340 1440 418 1484 nova
440 1417 552 1484 entitas
575 1425 695 1502 recepta
719 1417 753 1481 in
773 1424 886 1500 agente
912 1437 967 1482 seu
989 1422 1120 1493 creante,
1136 1413 1190 1478 sed
1215 1412 1373 1477 resultatio

270 1552 367 1596 nexus
382 1529 588 1615 contingentis
610 1530 690 1594 inter
703 1537 856 1596 creantem
871 1536 902 1594 et
920 1535 1055 1594 creatum
1074 1535 1199 1612 propter
1213 1525 1373 1590 entitatem

271 1641 368 1725 ipsius
383 1640 486 1720 creati,
501 1663 569 1726 quae
584 1648 667 1705 extra
682 1648 824 1725 agentem
839 1637 948 1724 incipit
962 1638 1099 1703 existere.

316 1752 419 1817 Tertio
440 1752 498 1816 hoc
518 1751 600 1816 idem
624 1760 725 1836 potest
742 1751 887 1816 declarari
906 1773 960 1836 per
982 1748 1163 1834 exemplum.
1211 1748 1259 1812 Sit
1275 1770 1373 1812 unum

273 1863 388 1944 album,
404 1872 435 1928 et
459 1885 523 1926 non
546 1862 609 1926 sint
628 1863 754 1927 omnino
774 1862 833 1928 alia
853 1862 931 1928 alba.
976 1860 1092 1926 Album
1114 1860 1267 1926 illuderit
1287 1859 1320 1923 in
1343 1883 1375 1924 se

273 1974 421 2056 absolute,
433 1983 464 2041 et
479 1974 592 2039 carebit
607 1974 752 2040 relatione
767 1973 880 2041 actuali
894 1972 1104 2038 similitudinis
1119 1995 1189 2038 cum
1205 1971 1271 2036 aliis
1286 1971 1373 2049 albis,

273 2087 346 2173 quia
361 2085 472 2151 desunt
490 2108 595 2151 omnes
609 2084 734 2150 termini
747 2084 810 2150 albi
824 2083 863 2149 ad
885 2106 961 2170 quos
975 2084 1142 2151 referatur:
1166 2084 1258 2149 habet
1272 2091 1376 2148 tamen

273 2221 311 2263 ec
332 2207 423 2283 parte
450 2199 498 2262 sui
526 2195 676 2282 quidquid
700 2195 866 2282 requiritur
894 2195 933 2262 ad
958 2196 1109 2262 actualem
1135 2196 1375 2274 similitudinem,

275 2308 442 2376 dummodo
465 2316 598 2393 ponatur
620 2307 769 2374 terminus
790 2308 982 2374 conveniens.
1029 2308 1063 2373 Si
1083 2309 1145 2373 iam
1166 2307 1250 2373 uliud
1272 2309 1377 2373 album

275 2429 417 2506 ponatur,
436 2443 501 2485 esse
526 2418 701 2485 absolutum
727 2419 836 2505 prioris
858 2419 920 2484 albi
942 2441 1005 2483 non
1030 2418 1211 2499 mutabitur,
1230 2419 1301 2484 licet
1326 2443 1376 2484 ex-

277 2542 383 2618 surgat
406 2530 512 2597 relatio
535 2531 662 2597 actualis
686 2531 895 2596 similitudinis
918 2553 987 2596 oum
1011 2531 1070 2595 alio
1093 2530 1171 2596 albo.
1218 2531 1308 2596 Ratio
1332 2541 1378 2596 est

276 2646 348 2730 quia
369 2642 475 2708 relatio
497 2649 626 2707 nonest
648 2665 698 2707 erre
715 2645 747 2706 in
766 2651 831 2707 ente
853 2642 907 2707 sed
925 2651 971 2707 est
994 2665 1044 2707 eras
1063 2643 1104 2707 ud
1122 2643 1206 2707 aliud
1224 2665 1278 2708 seu
1300 2643 1380 2707 inter

277 2778 374 2820 unum
397 2763 429 2820 et
448 2753 550 2820 aliud:
573 2762 604 2818 et
628 2753 696 2818 ideo
721 2753 800 2817 nihil
823 2755 910 2838 ponit
930 2754 962 2818 in
986 2754 1122 2835 subiecto
1144 2753 1310 2834 relationis,
1326 2754 1380 2818 sed

277 2866 355 2930 illud
375 2864 520 2950 supponit
542 2865 575 2928 in
591 2886 623 2928 se
642 2864 774 2948 perfecte
788 2853 991 2929 constitutum
1008 2887 1079 2929 cum
1101 2889 1136 2930 ea
1150 2866 1277 2930 entitate
1298 2865 1380 2930 albe·

279 2977 360 3042 dinis
374 3000 402 3042 v.
419 2999 475 3061 gr,
491 2999 559 3061 quae
581 2985 685 3040 manet
706 2974 811 3041 eadem
826 2976 860 3040 in
883 2976 981 3062 seipsa
996 2977 1058 3042 sive
1072 3000 1127 3042 ens
1141 2986 1211 3042 actu
1234 2978 1381 3042 referatur

279 3090 318 3154 ad
333 3089 426 3152 alium
441 3089 607 3152 terminum
623 3109 677 3171 per
692 3086 874 3169 albedinem,
889 3087 952 3153 sive
971 3111 1034 3152 non
1050 3089 1197 3153 reseratur
1210 3112 1247 3154 ex
1262 3089 1381 3154 defectu

279 3200 447 3266 extrinseco
461 3196 585 3262 termini
599 3198 768 3262 existentis.

324 3311 452 3391 Quarto,
468 3310 495 3374 si
518 3310 688 3395 quisdicat
709 3309 886 3374 relationem
910 3309 972 3375 albi
995 3310 1034 3374 ad
1051 3310 1155 3376 album
1178 3334 1239 3376 non
1263 3336 1329 3377 esse
1349 3313 1382 3377 in

281 3423 386 3490 eadem
413 3422 511 3508 specie
534 3445 569 3486 ac
592 3421 770 3487 relationem
797 3444 894 3486 causae
923 3420 963 3485 ad
988 3422 1139 3501 effectum,
1165 3432 1196 3488 et
1221 3424 1289 3488 ideo
1318 3447 1382 3489 non

280 3537 379 3602 valere
401 3534 584 3620 exemplum,
608 3533 728 3598 ostendi
750 3541 861 3617 potest,
886 3533 968 3598 idem
992 3557 1113 3620 quoque
1137 3535 1196 3601 dici
1217 3535 1326 3601 debere
1347 3538 1384 3602 de

204 3629 211 3642 ¹
282 3649 427 3715 relatione
442 3669 539 3713 causae
556 3646 596 3712 ad
610 3646 773 3726 effectum,
796 3646 868 3732 quia
882 3669 977 3731 agens
991 3649 1024 3711 in
1046 3658 1195 3732 quantum
1212 3673 1306 3734 agens
1321 3673 1384 3715 non

283 3769 421 3827 mutatur
443 3782 497 3845 per
520 3782 611 3824 suum
637 3768 738 3824 sotum
760 3766 969 3824 transeuntem
992 3759 1032 3824 ad
1053 3769 1147 3840 extra,
1163 3771 1193 3826 et
1215 3763 1385 3846 generatim

283 3874 392 3937 mutari
406 3895 464 3938 non
484 3879 527 3936 est
542 3893 639 3956 uque,
654 3872 706 3934 aad
720 3873 797 3953 poti,
813 3869 907 3936 idest
929 3871 1061 3957 recipere
1075 3872 1329 3938 modificationem
1353 3873 1384 3938 in

283 3985 392 4068 seipso.
438 3983 506 4049 Iam
520 4003 591 4048 vero
610 4003 674 4045 non
688 3989 790 4066 potest
803 3982 933 4047 inveniri
951 3982 1065 4068 aliquid
1080 3983 1163 4068 quod
1177 3985 1279 4070 exigat
1292 3986 1386 4070 recipi

282 4095 315 4160 in
336 4095 413 4174 Deo,
430 4094 456 4159 si
475 4095 562 4159 Deus
580 4101 662 4159 creet
673 4120 683 4173 3
706 4093 791 4158 Deus
814 4093 896 4158 enim
919 4094 1048 4160 creando
1068 4095 1143 4178 agit,
1162 4104 1193 4160 et
1214 4119 1304 4181 agere
1322 4119 1386 4161 non

283 4216 330 4273 est
353 4207 426 4292 pati.
472 4207 556 4291 Ergo
578 4206 640 4272 sive
660 4205 747 4270 Deus
766 4213 856 4287 arcet,
877 4205 940 4271 sive
961 4227 1035 4286 non,
1050 4215 1154 4272 manet
1176 4208 1387 4274 immutabilis.

284 4318 326 4383 llt
350 4340 398 4382 res
424 4318 467 4381 sic
484 4316 613 4380 ulterius
634 4338 690 4401 per
712 4316 884 4401 exemplum
906 4316 1032 4401 patebit.
1079 4318 1127 4382 Sit
1150 4318 1182 4383 in
1206 4319 1389 4384 mundo'sol
