3222 4984
225 379 298 424 cnr.
315 360 386 444 ιιι]
659 380 702 424 nn
719 378 884 430 inmunno.
1266 355 1330 418 235

224 547 332 628 dontio,
348 550 426 614 iuter
439 571 504 632 qua
517 555 561 612 est
575 549 736 638 quantitas.
786 547 868 612 Unde
881 567 964 610 omae
978 566 1083 629 eorpus
1096 542 1235 608 naturale
1246 541 1332 604 tabet

224 659 445 724 detemuiuatam
468 660 663 743 quantitatem
688 667 717 722 et
741 660 773 722 iu
793 659 890 722 maius
914 665 944 722 et
966 658 997 720 ia
1022 657 1128 720 miuus.
1178 653 1260 717 Unde
1278 653 1334 716 im·

219 772 361 853 possibile
376 780 419 837 est
434 771 556 855 aliquod
567 793 673 855 empus
685 769 822 834 naturale
836 767 985 853 infinitum
999 788 1070 830 asse.

204 905 211 924 ·
270 883 461 967 Respondeo,
486 882 604 948 nullam
628 905 694 946 esse
719 882 848 946 sormam
879 880 984 945 stricte
1013 877 1245 944 substantialem
1271 899 1334 962 qua

226 996 432 1060 eonstituatur
453 995 667 1078 compositum,
691 992 782 1078 quale
804 1000 851 1056 est
872 1013 1003 1076 eorpus:
1025 991 1126 1055 forma
1146 989 1228 1054 enim
1250 1011 1333 1054 eorn-

226 1105 319 1189 positi
333 1114 381 1169 est
392 1105 458 1170 eius
472 1105 663 1190 compositio,
673 1127 742 1190 qua
755 1102 902 1189 supponit
918 1101 1105 1167 substantias
1116 1109 1334 1187 componentes

227 1217 260 1280 in
274 1238 331 1281 suo
341 1218 442 1302 primo
456 1239 522 1282 esse
535 1216 729 1282 constitutas.
763 1216 907 1300 Nugatur
922 1215 1025 1299 itaque
1036 1213 1120 1299 quod
1134 1214 1334 1279 determinata

228 1327 382 1412 quantitas
397 1341 543 1413 sequatur
558 1327 793 1393 determinatam
807 1327 936 1392 formam
955 1324 1210 1391 substantialem:
1233 1325 1334 1410 sequi·

226 1446 279 1502 tur
300 1438 382 1510 enim
406 1438 637 1504 determinatam
661 1437 893 1522 dispositionem
915 1436 1050 1522 partium
1071 1436 1104 1500 in
1130 1437 1239 1522 spatio.
1283 1435 1335 1500 Ad

228 1549 293 1614 haee
307 1571 343 1612 ex
358 1572 394 1613 eo
409 1549 493 1634 quod
515 1572 595 1636 aqua
608 1573 638 1615 v.
653 1572 699 1634 gr.
715 1549 827 1614 habeat
840 1548 971 1616 formam
987 1546 1220 1613 substantialem
1235 1547 1335 1612 deter-

228 1661 375 1725 minatam
390 1661 475 1726 iuxta
489 1661 616 1726 modum
630 1659 778 1746 loquendi
795 1659 1004 1746 antiquorum,
1019 1680 1083 1724 non
1098 1660 1238 1744 sequitur
1251 1658 1334 1744 quod
1350 1655 1354 1664 ’
1414 1655 1419 1667 ’

228 1794 307 1858 aqua
336 1772 445 1837 debeat
474 1796 539 1838 esse
568 1774 602 1838 in
631 1773 686 1838 tali
722 1773 896 1858 quantitate
926 1771 1139 1836 determinata.
1197 1771 1335 1835 Tandem

228 1884 385 1968 quantitas
403 1884 526 1954 infinita
540 1892 587 1948 est
608 1884 844 1949 indeterminata
861 1883 955 1948 relate
973 1883 1014 1948 ad
1027 1890 1163 1948 nostram
1184 1882 1333 1967 imagina-

228 1996 355 2076 tionem,
381 2018 450 2081 quae
479 1997 586 2082 nequit
616 1997 769 2080 attingere
792 1995 959 2074 infinitum,
986 1994 1041 2060 sed
1065 2002 1112 2058 est
1135 1994 1336 2059 determinata

229 2107 331 2193 quoad
345 2130 378 2172 se
393 2107 648 2172 determinatione
662 2131 725 2172 suae
740 2106 921 2185 infinitatis3
943 2106 1101 2170 infinitum
1111 2106 1195 2170 enim
1210 2114 1335 2171 nonest

228 2219 361 2282 idemne
381 2210 586 2283 indefinitum.
632 2219 714 2283 Item
733 2219 834 2283 maius
853 2226 885 2283 et
906 2217 1019 2296 minus,
1034 2217 1106 2283 lieet
1127 2218 1335 2303 percipiantur

231 2329 356 2394 anobis
379 2329 413 2392 in
435 2329 527 2394 rebus
545 2330 652 2410 linitis,
666 2330 783 2394 habent
804 2329 908 2394 laeum
929 2329 1021 2394 etiam
1043 2329 1076 2392 in
1096 2329 1268 2414 quantitate
1287 2330 1334 2392 in·

229 2440 326 2520 finita,
340 2448 377 2503 ut
398 2462 491 2525 supra
513 2451 670 2508 ostensum
690 2449 737 2506 est
748 2467 758 2520 ;
780 2463 875 2526 quam
894 2440 1013 2506 etiamsi
1035 2440 1250 2506 ooneederetur
1269 2449 1335 2506 tota

230 2552 466 2636 argumentatio,
482 2551 582 2616 adhue
596 2551 705 2637 negari
720 2551 843 2617 deberet
858 2551 1003 2617 ultimum
1017 2573 1217 2638 consequens.

273 2665 405 2728 Instatis
419 2653 612 2729 eum'eodem
622 2663 655 2728 S.
667 2663 803 2728 Thomu:
826 2663 990 2728 Infinitum
1004 2673 1051 2728 est
1065 2672 1172 2728 eontra
1185 2663 1335 2728 rationem

231 2775 394 2840 cuiuslibet
417 2776 528 2861 speciei
548 2775 741 2861 quantitatis,
757 2783 793 2839 ut
815 2774 969 2854 bicubitae,
990 2774 1154 2854 tricubitae,
1171 2775 1335 2856 circumis,

230 2887 438 2971 triangularis,
453 2897 512 2952 ete.
556 2887 655 2973 Atqui
674 2908 738 2952 non
760 2896 807 2950 est
829 2887 975 2972 possibile
991 2909 1058 2951 esse
1072 2886 1105 2950 in
1120 2908 1231 2970 genere
1252 2885 1336 2972 quod

230 3020 294 3061 non
323 2999 428 3062 estin
456 2998 521 3064 ulla
546 2998 664 3084 speeia;
686 3019 760 3083 ergo
785 3020 849 3062 non
872 3007 921 3063 est
944 2997 1090 3082 possibile
1112 3020 1179 3062 esse
1201 2998 1334 3083 aliquam

231 3111 475 3194 magnitudinem
499 3110 662 3190 infinitam,
678 3133 775 3196 quum
800 3110 888 3176 nulla
911 3111 1026 3195 speeies
1048 3109 1272 3195 magnitudinis
1295 3111 1336 3174 sit

231 3223 361 3287 infinita.

276 3335 458 3420 Respondeo
480 3336 550 3402 dist.
567 3336 617 3401 M.
633 3343 740 3402 eontra
760 3334 909 3400 rationem
930 3333 1092 3399 cuiuslibet
1110 3334 1220 3420 speciei
1239 3357 1335 3420 quan·

232 3447 330 3511 titatis
353 3447 448 3512 finita
463 3470 489 3512 e.
505 3448 550 3510 M
548 3494 567 3527 .,
583 3446 747 3512 cuiuslibet
762 3446 902 3511 absolute
923 3469 953 3510 a.
970 3447 1020 3510 M.
1037 3469 1062 3511 e.
1077 3448 1148 3511 mia.
1162 3470 1192 3512 a.
1208 3469 1287 3512 euos.
1306 3454 1338 3511 et

232 3558 298 3622 eius
311 3559 472 3622 rationem.
518 3559 560 3624 In
573 3560 631 3623 hae
645 3558 815 3624 obiectione
830 3558 1014 3643 supponitur
1028 3559 1111 3644 quod
1125 3559 1225 3623 omnis
1240 3581 1337 3643 quan·

233 3668 331 3732 titatis
354 3655 470 3752 speeies
492 3668 603 3734 habeat
628 3669 861 3735 determinatam
884 3671 1015 3754 figuram
1039 3669 1176 3755 undique
1198 3670 1337 3734 finitam:

235 3778 289 3844 sed
306 3778 365 3842 hoo
386 3802 450 3844 non
472 3788 519 3844 est
538 3803 644 3846 verum
666 3781 727 3846 nisi
745 3781 783 3846 de
806 3781 977 3867 quantitate
996 3781 1093 3845 finita.
1138 3779 1219 3845 Nam
1238 3780 1339 3864 ligura

234 3898 282 3954 est
296 3889 411 3975 aliquid
429 3891 580 3956 resultans
594 3913 632 3956 ex
645 3893 798 3976 positione
816 3891 970 3956 limitum:
992 3891 1075 3956 unde
1089 3892 1189 3976 figura
1201 3891 1339 3976 undique

234 4001 322 4067 linita
335 4024 399 4065 non
418 4009 521 4087 potest
538 4003 691 4088 pertinere
707 4004 769 4069 nisi
790 4004 830 4068 ad
848 4003 1053 4089 quantitatem
1070 4002 1207 4089 undique
1225 4003 1339 4068 limita·

234 4123 308 4179 tam.
354 4113 448 4190 Quod
470 4121 572 4180 autem
596 4115 752 4200 quantitas
778 4115 875 4200 possit
903 4115 1024 4200 eoneipi
1052 4136 1122 4179 eum
1148 4115 1248 4200 figura
1276 4136 1339 4178 non

235 4226 371 4312 undique
386 4225 474 4292 finita
496 4235 634 4305 constat3
657 4227 818 4292 nonenim
834 4226 980 4292 definitur
993 4226 1150 4311 quantitas
1164 4248 1220 4310 per
1241 4226 1339 4311 ipsam

234 4337 458 4417 limitationem,
476 4337 529 4402 sed
544 4360 598 4423 per
613 4337 830 4416 extensionem,
847 4360 915 4423 quae
935 4346 1099 4422 antequam
1113 4336 1263 4402 limitetur
1278 4357 1340 4398 uno
