3222 4984
275 339 341 402 228
710 357 754 400 an
771 357 935 403 ιιιιιιιιιο.
1218 340 1304 424 [cnr.
1322 359 1378 402 ιιι.

320 521 503 607 Respondeo
518 521 637 606 primo,
662 521 694 586 S.
710 521 860 588 Thomam
882 523 1042 588 admittere
1067 523 1170 588 Deum
1194 545 1378 608 cognoscere

274 635 379 700 futura
393 633 524 712 infinita,
539 634 631 698 etiam
646 634 815 699 secundum
829 634 913 720 quod
928 643 1001 700 sunt
1020 635 1060 700 ab
1077 635 1206 700 invicem
1222 635 1377 714 distincta,

274 755 310 811 ιιι
321 767 420 831 nuper
429 745 546 810 dictum
555 753 620 824 est3
640 745 795 830 cognoscit
806 767 879 830 argo
889 745 1120 811 multitudinem
1128 754 1200 810 actu
1208 746 1377 810 infinitamr

274 857 302 922 si
315 879 389 942 argo
404 858 468 922 hoec
490 856 657 922 multitudo
677 856 717 922 sit
732 863 764 920 ιἰι
786 860 880 942 specie
902 859 1071 937 arramiet
1095 880 1242 922 numerus
1268 857 1377 944 nequit

275 991 340 1034 esse
354 969 414 1033 nisi
428 968 546 1049 finitus,
562 968 626 1033 haec
640 967 807 1034 multitudo
829 969 887 1034 erit
908 969 1001 1034 etiam
1022 969 1120 1034 finita.
1167 969 1217 1032 Ne
1238 991 1311 1053 ergo
1334 968 1374 1032 sit

274 1081 362 1145 finita
384 1088 416 1144 et
438 1079 559 1144 infinita
582 1079 684 1158 simul,
701 1079 846 1144 debemus
868 1081 957 1145 fateri
979 1079 1026 1146 vel
1047 1080 1152 1144 Deum
1174 1103 1237 1145 ιιοιι
1260 1102 1373 1165 cogno-

276 1215 358 1258 scere
386 1192 507 1258 infinita
526 1191 681 1272 distincta,
696 1191 743 1256 vel
763 1191 994 1257 multitudinem
1016 1192 1168 1257 infinitam
1186 1215 1250 1257 non
1261 1215 1326 1256 esse
1341 1192 1375 1256 in

276 1303 375 1389 specie
389 1303 519 1368 numeri.
564 1302 606 1367 Et
627 1324 682 1386 par
696 1303 754 1368 hoc
766 1311 900 1388 apparet,
913 1303 945 1368 S.
957 1303 1117 1382 Thomam,
1133 1302 1187 1388 qui
1201 1313 1281 1368 recte
1290 1311 1375 1368 tenet

274 1417 378 1481 Deum
402 1436 584 1500 cognoscere
598 1414 719 1480 infinita
734 1415 888 1495 distincta,
904 1414 1012 1480 debere
1035 1414 1150 1480 solvere
1173 1438 1264 1480 ιιιιιιιι
1284 1437 1376 1499 argu·

273 1537 423 1606 mentum,
441 1535 475 1590 ut
499 1548 531 1591 se
556 1526 658 1610 ipsum
681 1534 814 1591 tueatur.
867 1527 918 1592 Ad
943 1527 1008 1592 haec
1037 1527 1068 1592 S.
1085 1527 1218 1591 Thomas
1237 1527 1375 1592 admittit

273 1639 410 1724 potuisse
420 1636 573 1701 mundum
587 1637 626 1701 ab
641 1646 755 1702 aterno
770 1637 874 1717 creari,
889 1637 937 1702 vel
948 1637 1056 1702 saltem
1071 1660 1134 1704 ιιοιι
1149 1661 1237 1723 posse
1252 1638 1375 1723 probari

274 1749 480 1816 contrarium:
504 1749 597 1814 sentit
612 1771 685 1834 ergo
700 1771 763 1812 non
784 1771 873 1833 porse
890 1748 1012 1834 probari
1032 1749 1307 1833 impossibilitatem
1327 1749 1375 1812 in·

274 1862 432 1928 finitorum
458 1859 586 1938 dierum,
610 1859 741 1925 infinitae
767 1859 854 1924 seriei
879 1860 1040 1924 hominum
1064 1869 1121 1925 etc.
1190 1860 1270 1924 Item
1301 1859 1374 1924 dicit

274 1972 386 2038 alicubi
413 1973 529 2058 (opusc.
556 1972 611 2056 27)
639 1994 698 2036 noa
727 1994 787 2036 csse
809 1972 903 2036 adhuc
928 1971 1164 2049 damnatum,
1189 1971 1269 2055 qaod
1291 1971 1375 2034 Deus

274 2108 333 2150 ιιοιι
349 2086 448 2169 possit
460 2085 565 2166 secere
586 2083 704 2167 infinita
725 2091 884 2148 carrecta.
936 2082 978 2146 Et
995 2081 1110 2147 ibidem
1131 2091 1228 2161 notat,
1245 2104 1373 2167 magnos

272 2198 353 2264 viros
367 2219 535 2282 numquam
547 2195 657 2260 mundi
671 2194 777 2260 aterni
792 2217 810 2258 a
823 2194 892 2258 Deo
907 2193 979 2259 lacti
992 2193 1227 2279 repugnantiam
1242 2193 1373 2260 vidisse:

272 2309 327 2373 Illi
335 2331 412 2393 erpo,
428 2306 542 2372 ironice
555 2305 668 2390 inquit,
677 2307 728 2389 qai
738 2315 798 2370 tom
811 2306 958 2370 subtiliter
972 2328 1036 2369 eom
1043 2308 1223 2391 percipiant,
1235 2306 1292 2370 soli
1305 2315 1375 2370 scat

268 2423 411 2499 leminea,
423 2427 527 2484 etcum
538 2421 581 2483 eis
595 2419 690 2482 oritur
703 2419 859 2502 sapientia.
893 2416 934 2480 Et
945 2397 1072 2502 perhaec
1084 2417 1187 2480 omnia
1199 2418 1232 2482 S.
1243 2418 1376 2481 Thomas

269 2529 419 2616 implicite
441 2529 555 2593 fatetur
578 2534 795 2612 argumentum
819 2526 1016 2612 desumptum
1042 2549 1078 2590 ex
1106 2549 1142 2591 eo
1166 2527 1250 2611 quod
1275 2528 1375 2592 omnis

269 2639 439 2706 multitudo
454 2638 541 2704 sitin
556 2637 654 2724 specie
668 2637 797 2716 numeri,
813 2659 876 2702 non
891 2659 957 2701 csse
972 2636 1255 2704 demonstrativum.

317 2751 499 2838 Respondes
523 2750 667 2830 secundo,
691 2750 716 2814 si
737 2757 956 2835 argumentum
979 2749 1106 2814 allatum
1128 2764 1208 2814 esset
1230 2750 1373 2830 solidum,

273 2865 365 2930 nimia
378 2864 541 2948 proharct3
564 2886 636 2928 nam
651 2874 836 2948 sequeretur,
852 2882 915 2924 non
934 2860 1035 2926 solum
1049 2862 1206 2927 infinitum
1222 2873 1303 2943 actu,
1319 2863 1372 2928 sed

272 2975 365 3040 etiam
388 2974 545 3038 infinitum
570 2974 603 3037 in
628 2973 766 3057 potentia
788 2971 939 3037 involvere
963 2973 1244 3039 contradictionem.
1290 2975 1372 3039 Nam

271 3085 428 3151 infinitum
442 3083 637 3170 inpotentia,
654 3107 680 3149 v.
697 3106 744 3168 gr.
760 3093 847 3149 actus
868 3083 1037 3163 beatorum,
1054 3084 1107 3168 qui
1130 3085 1195 3149 sine
1209 3085 1270 3149 fine
1294 3086 1371 3150 mul·

270 3196 503 3283 tiplicabuntur,
524 3195 589 3259 nati
612 3203 686 3259 ιιιιιι
709 3196 894 3259 constituere
916 3194 1167 3261 multitudinem:
1192 3197 1218 3260 ai
1240 3220 1313 3282 ergo
1335 3198 1372 3262 de
1391 3208 1396 3219 “

270 3309 388 3375 ratione
402 3307 501 3372 omnia
516 3306 724 3370 multitudinis
741 3315 793 3388 ¹est
812 3315 848 3370 ut
865 3315 996 3391 nequeat
1018 3330 1083 3372 esre
1103 3329 1159 3372 nec
1179 3309 1299 3394 concipi
1312 3309 1372 3374 nisi

270 3420 330 3486 sub
345 3419 443 3505 specie
459 3417 589 3497 numeri,
605 3417 698 3481 etiam
718 3416 886 3481 multitudo
904 3416 1014 3481 talium
1035 3426 1159 3482 actuum
1181 3440 1244 3482 non
1259 3419 1371 3503 poterit

270 3532 389 3618 concipi
408 3529 468 3594 nisi
489 3529 586 3609 finita,
601 3529 680 3594 sicut
700 3529 838 3608 numeriJ
870 3529 942 3613 quia
964 3529 1042 3593 ratio
1063 3528 1272 3594 multitudinis
1290 3531 1370 3595 ineat

271 3644 356 3710 omni
378 3641 570 3708 multitudini
592 3641 653 3706 sive
671 3640 860 3726 concipiatur
881 3648 917 3704 ιιι
939 3648 1010 3704 actu
1032 3639 1173 3720 existens,
1197 3641 1258 3705 sive
1280 3652 1316 3705 ut
1338 3641 1370 3705 in

270 3756 408 3844 potentia
422 3754 462 3821 ad
472 3753 674 3842 existendum.
720 3752 754 3816 Si
768 3761 871 3816 autem
887 3751 1005 3816 tollitur
1020 3750 1187 3816 multitudo
1202 3752 1324 3817 infinita
1338 3753 1371 3817 in

272 3868 420 3954 potentia,
442 3864 631 3951 impossibile
655 3873 702 3928 eat
721 3863 886 3928 admittere
908 3863 992 3949 quod
1013 3872 1100 3927 actus
1125 3862 1285 3928 beatorum
1306 3867 1370 3928 sine

262 3981 328 4067 fine
339 3977 634 4064 multiplicabuntur,
645 3983 676 4039 et
685 3974 769 4061 quod
779 3975 899 4039 infinita
910 3974 973 4039 sint
984 3976 1150 4040 extrinsece
1164 3975 1329 4059 possibilia,
1340 3985 1370 4040 et

269 4093 330 4158 alia
344 4088 504 4170 eiusmodi,
520 4111 588 4176 quae
599 4097 629 4152 et
646 4087 678 4152 S.
693 4087 827 4150 Thomas
842 4094 872 4150 et
887 4086 939 4150 alii
953 4109 1059 4150 omnes
1074 4085 1235 4153 admittere
1246 4087 1368 4152 debent.

313 4201 495 4289 Respondec
520 4198 610 4264 tertio
634 4221 659 4263 c.
679 4198 728 4262 M.
753 4198 821 4262 dict.
844 4200 914 4261 mic.
938 4197 964 4262 ai
985 4197 1088 4282 agitur
1111 4199 1148 4262 de
1171 4197 1371 4263 multitudine

269 4317 356 4384 finita
381 4339 407 4380 c.
429 4316 511 4392 mir„
532 4312 558 4376 si
582 4311 619 4376 de
644 4311 765 4376 infinita
790 4334 820 4376 ιι.
844 4313 915 4396 min.
948 4319 978 4376 rt
999 4333 1078 4376 cons.
1141 4311 1370 4395 Argumentum
