3186 4982
230 369 370 454 csr.11.]
440 387 444 393 ·
599 391 706 435 monn
722 391 959 436 onronocrcns.

685 568 812 626 cAPUs
830 569 868 624 H.

566 702 606 742 nn
618 702 735 742 snorum
748 701 988 742 comransrrorm.

171 843 174 848 ·
258 808 301 864 80.
320 808 414 876 Quum
421 825 501 864 omne
512 825 559 863 ens
570 812 676 864 constet
686 811 759 878 actu,
767 807 882 863 tormine
894 813 923 863 et
933 807 1140 881 complemento,
1152 807 1206 863 tria
1216 812 1330 880 possunt

224 900 375 968 competere
386 895 445 950 enti
455 894 485 950 in
499 894 573 950 linea
583 893 663 964 entis,
674 910 771 966 nempe
782 909 840 949 esse
858 912 913 948 ase
923 894 968 950 vel
980 887 1013 948 ob
1024 895 1084 965 clio,
1096 911 1154 949 esse
1166 894 1195 948 ia
1206 912 1233 948 as
1244 893 1288 950 vel
1299 894 1329 948 ia

225 981 284 1052 clc'o,
296 999 354 1037 esse
360 1000 412 1053 per
427 999 454 1036 ee
465 980 510 1037 vel
516 998 568 1051 per
578 981 654 1035 atad
660 998 667 1034 :
686 995 748 1052 quas
759 979 813 1034 tria
829 979 952 1035 ordinate
963 979 1110 1052 respiciunt
1121 984 1221 1048 actum,
1233 979 1328 1034 termi-

223 1083 290 1124 num
313 1073 342 1124 et
361 1067 606 1141 complementum:
624 1070 654 1121 et
673 1065 823 1121 secundum
845 1065 905 1120 haec
925 1065 980 1121 tria
1002 1065 1087 1139 accipi
1110 1069 1200 1139 potest
1223 1066 1328 1121 entium

224 1153 331 1211 divisio.

624 1259 792 1300 snrrcnnos
804 1259 925 1300 snmus.

610 1367 669 1421 Eae
680 1384 698 1420 c
709 1384 736 1440 aa
746 1372 771 1420 et
782 1383 826 1419 ens
837 1366 870 1419 ab
881 1365 942 1421 alio.

256 1490 299 1544 31.
318 1490 376 1544 Em
388 1507 405 1543 a
416 1507 449 1543 sc.
467 1487 626 1543 Ostenditur
643 1486 673 1540 in
684 1488 804 1540 tractatu
821 1483 856 1538 de
867 1484 934 1554 Deo,
947 1502 994 1540 ens
1005 1503 1023 1540 a
1033 1503 1060 1540 ee
1076 1485 1192 1542 existere
1203 1485 1327 1542 absoluta

222 1575 384 1632 necessitate
397 1575 474 1646 (VII.
487 1593 514 1628 n.
527 1573 620 1644 9-15).
947 1577 954 1592 ·

255 1661 314 1718 Ena
326 1679 380 1717 asc
392 1667 434 1716 est
442 1660 631 1730 necessarium,
641 1656 832 1731 independens,
841 1655 1019 1728 immutabile,
1028 1657 1175 1726 infinitum,
1185 1663 1326 1727 aeternum,

220 1751 384 1806 immensum
397 1750 442 1822 (rb.
455 1768 482 1805 n.
497 1749 606 1820 19-24).
1264 1757 1270 1768 ”
1382 1753 1387 1762 '

255 1837 339 1892 Ensa
350 1854 379 1892 se
391 1842 434 1892 est
441 1854 524 1909 purus
533 1840 618 1905 actus,
628 1853 675 1890 ens
683 1834 804 1908 unicum,
814 1832 1052 1907 simplicissimum,
1059 1831 1166 1886 infinite
1178 1831 1326 1903 perfectum

223 1923 269 1996 (cb.
282 1942 309 1979 n.
322 1923 433 1993 25-30).

255 2012 298 2067 32.
316 2011 375 2066 Ens
386 2027 404 2064 a
414 2028 441 2065 ea
457 2014 500 2065 est
510 2009 594 2066 etiam
609 2011 639 2064 ia
649 2029 676 2066 se
687 2016 716 2066 ct
727 2029 779 2082 per
790 2030 833 2082 sc3
852 2008 973 2082 seqnitur
985 2025 1020 2062 ex
1037 2007 1095 2062 eius
1114 2006 1237 2062 absoluta
1247 2007 1325 2062 indo-

220 2096 373 2169 pendentia.
410 2096 481 2152 Haec
497 2096 559 2164 tria,
571 2113 629 2151 esse
645 2114 663 2151 a
680 2115 714 2166 se,
727 2098 756 2151 in
773 2115 807 2166 se,
820 2114 872 2168 par
882 2113 916 2162 se,
929 2097 1086 2167 competunt
1103 2093 1161 2147 Deo
1177 2094 1325 2148 secundum

220 2183 365 2238 essentimn
381 2182 503 2238 absolute
524 2187 742 2255 sumptamque
754 2188 796 2238 est
813 2183 908 2238 eadem
926 2181 956 2236 in
966 2180 1053 2235 tn'bus
1072 2179 1172 2235 divinis
1191 2180 1325 2235 Personis

221 2267 277 2324 Sed
287 2267 337 2324 sub
348 2268 559 2324 consideratione
575 2268 691 2324 relativa
701 2287 753 2324 esse
765 2287 782 2323 a
792 2287 820 2323 sc
837 2267 989 2341 specialiter
1000 2265 1127 2322 convenit
1137 2265 1223 2334 Patri,
1235 2285 1287 2320 csse
1297 2268 1326 2321 in

219 2373 246 2409 aa
265 2355 417 2428 specialiter
437 2354 565 2410 convenit
582 2354 682 2424 Verbo,
704 2373 821 2426 seraper
841 2373 868 2408 se
888 2352 1041 2427 specialiter
1061 2352 1189 2406 convenit
1210 2351 1326 2424 Spiritui

221 2441 322 2504 Sancto
331 2461 339 2512 ;
357 2459 422 2498 nam
441 2442 471 2496 in
487 2441 582 2496 ordine
598 2440 713 2496 relativo
728 2441 811 2496 Pater
829 2439 903 2512 prior
920 2444 962 2494 est
979 2438 1090 2510 origine
1103 2442 1132 2491 ct
1148 2437 1231 2492 habet
1248 2455 1277 2492 se
1294 2442 1327 2493 ut

220 2527 386 2600 principium
396 2526 547 2596 Trinitatis,
560 2543 646 2598 quum
658 2542 675 2581 a
690 2528 767 2582 nullo
784 2526 919 2598 procedat,
933 2529 961 2579 et
977 2523 1128 2596 concipitur
1139 2528 1173 2578 ιιι
1189 2528 1267 2579 actus
1281 2524 1325 2578 in-

220 2614 373 2670 tellectibus
384 2631 413 2668 se
424 2614 484 2686 ipso
496 2629 626 2685 generans
637 2611 759 2668 Verbum
770 2612 823 2668 sibi
837 2610 1030 2684 perfectissime
1041 2610 1180 2682 aequalem.
1216 2609 1285 2664 Esse
1297 2610 1326 2663 in

219 2719 248 2756 se
259 2700 387 2757 convenit
398 2700 551 2772 specialiter
562 2699 663 2769 Verbo,
675 2699 723 2772 qui
735 2705 777 2754 est
787 2699 920 2755 terminus
931 2697 1124 2753 intellectionis
1135 2696 1246 2767 divinae,
1258 2703 1287 2752 et
1298 2698 1326 2752 ia

220 2805 271 2858 peso
288 2791 330 2842 est
345 2791 404 2842 tota
418 2786 513 2842 divina
529 2787 647 2842 essentia
663 2791 697 2841 ut
713 2803 731 2840 a
741 2786 823 2841 Patre
841 2785 1046 2840 communicata
1081 2785 1170 2840 Actis
1187 2784 1261 2838 enim
1272 2785 1326 2838 Dei

221 2872 406 2929 intellectivus
417 2872 447 2927 in
455 2871 547 2928 Verbo
558 2874 665 2927 interno
677 2889 694 2927 a
704 2890 733 2928 se
743 2890 868 2944 expresso
879 2872 952 2927 sietit
962 2876 995 2926 ut
1005 2870 1035 2925 in
1043 2871 1158 2926 termino
1167 2876 1256 2926 totam
1267 2871 1325 2926 eius

221 2959 475 3032 intelligibilitatem
485 2959 652 3014 intellectam
664 2959 809 3015 exhibente
819 2979 826 3028 3
845 2964 873 3014 et
883 2959 946 3014 ideo
955 2958 1081 3013 convenit
1089 2958 1180 3014 Verbo
1191 2957 1289 3014 habere
1296 2959 1325 3012 c'n

220 3064 248 3100 sa
264 3063 323 3101 esse
333 3045 424 3100 Patris
442 3046 553 3100 aPatre
570 3046 805 3102 communicatum.
842 3045 909 3100 Esse
927 3063 975 3117 per
992 3062 1022 3099 ae
1040 3045 1169 3100 convenit
1186 3045 1245 3100 Deo
1262 3063 1323 3118 spe·

221 3131 328 3194 cialiter
346 3132 450 3188 ratione
470 3131 587 3204 Spiritum
611 3131 713 3201 Sancti,
735 3133 783 3204 qui
806 3138 849 3189 est
871 3130 1015 3188 Trinitatis
1038 3132 1274 3205 complementum,
1296 3138 1324 3187 et

220 3219 312 3274 unitas
329 3218 513 3276 substantialis
524 3219 615 3278 Patris
632 3225 661 3276 et
672 3219 744 3276 Filii
781 3221 857 3276 Illud
875 3220 948 3276 enim
964 3219 1064 3275 dicitur
1075 3237 1128 3290 per
1138 3238 1164 3274 es
1181 3221 1324 3292 essequod

219 3305 337 3378 perfecte
347 3310 390 3362 est
400 3310 429 3362 et
439 3307 516 3362 nullo
526 3306 655 3362 ulteriore
666 3306 787 3379 indiget:
806 3323 891 3378 quum
903 3323 966 3378 crgo
977 3305 1008 3360 in
1019 3304 1125 3379 Spiritu
1136 3305 1236 3362 Sancto
1248 3324 1322 3362 com-

218 3391 324 3463 pleatur
334 3393 495 3466 conspiratio
507 3393 600 3450 Patris
611 3399 640 3450 et
650 3393 717 3448 Filii
733 3393 762 3448 in
773 3394 909 3448 unitatem
925 3398 1038 3461 naturae,
1049 3409 1098 3464 per
1109 3391 1241 3464 Spiritum
1253 3391 1322 3448 San-

218 3484 294 3533 ctum
306 3479 421 3535 habetur
431 3479 460 3535 id
471 3495 525 3552 quo
535 3485 633 3534 natura
644 3479 738 3535 divina
748 3479 847 3535 ultimo
859 3478 1008 3551 completur
1019 3479 1049 3532 in
1061 3497 1110 3533 suo
1119 3496 1177 3534 essa
1189 3478 1320 3549 absoluto,

218 3565 284 3638 quin
294 3565 348 3622 alio
365 3565 500 3638 indigeat:
518 3553 547 3622 et
564 3583 612 3640 per
629 3566 681 3622 hoc
699 3566 798 3622 entitas
815 3565 867 3620 Dei
886 3570 928 3620 est
940 3583 992 3636 per
1005 3583 1032 3619 se
1042 3563 1192 3620 formaliter
1203 3564 1281 3636 (VH.
1295 3584 1320 3620 n.

218 3653 262 3721 34,
274 3652 333 3723 35).

253 3739 296 3793 33.
314 3737 415 3792 InDeo
426 3739 591 3808 reticemus,
602 3738 712 3794 termini
724 3744 753 3793 et
764 3737 954 3810 complementi
966 3737 1108 3792 constituit
1117 3741 1173 3791 tres
1181 3737 1321 3808 Personas,

218 3830 251 3878 ut
267 3823 360 3879 divina
370 3824 535 3879 revelatione
552 3830 666 3894 constat,
679 3831 707 3880 et
724 3825 828 3880 ratione
844 3825 905 3897 ipsa
920 3823 1095 3896 probabiliter
1109 3824 1215 3879 ostendi
1231 3831 1322 3897 potest

220 3909 298 3980 (VIL
310 3926 338 3964 n.
351 3909 408 3980 40).

253 3995 316 4050 Hoc
327 4002 420 4050 autem
430 4013 486 4050 non
496 3997 550 4052 nisi
561 3997 592 4050 in
602 3997 661 4053 Deo
673 3997 765 4053 locum
776 3997 867 4066 habet,
880 3997 945 4069 quia
955 3997 985 4051 in
996 3998 1054 4052 Deo
1067 3999 1193 4053 terminas
1203 4004 1246 4054 est
1257 4000 1320 4055 infi-

218 4082 275 4138 nite
286 4086 418 4151 actuatus,
430 4082 471 4136 ita
481 4088 514 4136 ut
524 4083 600 4140 nullo
611 4084 694 4140 modo
705 4084 743 4140 sit
753 4085 782 4139 in
791 4083 922 4156 potentia,
935 4087 964 4139 et
974 4083 1099 4139 similiter
1110 4087 1320 4156 complementum

218 4173 261 4224 est
277 4186 345 4241 pura
355 4173 384 4224 et
400 4169 509 4226 infinita
526 4170 675 4226 actualitas.
712 4171 786 4226 Hinc
798 4177 875 4226 tanta
893 4170 1015 4226 absolute
1032 4177 1074 4226 est
1089 4171 1218 4244 perfectio
1235 4180 1319 4244 ectus,

218 4261 319 4328 quanta
336 4255 447 4311 termini
458 4261 487 4310 et
504 4256 710 4328 complementi:
729 4262 758 4311 et
769 4257 840 4313 sicut
855 4257 928 4312 Deus
944 4256 1066 4313 absolute
1084 4262 1126 4312 est
1136 4276 1219 4330 purus
1235 4265 1319 4329 actus,

217 4343 258 4399 ita
268 4343 351 4399 Pater
368 4349 410 4398 est
427 4361 492 4415 pirre
505 4350 619 4414 aetuans,
632 4343 720 4399 Filius
736 4349 778 4399 est
795 4362 861 4417 pure
873 4350 997 4415 adamus,
1011 4345 1127 4418 Spiritus
1145 4345 1261 4401 Sanctus
1279 4353 1320 4401 est
