3222 4984
226 387 298 431 err.
316 367 387 452 ιιι]
663 389 706 432 on
723 389 884 433 rnrrruro.
1264 373 1329 436 237

223 576 295 638 pars
316 576 486 640 numquam
509 565 612 640 posset
638 557 793 642 pervenire
815 558 854 623 ad
875 557 977 622 locum
1001 555 1136 636 alterius,
1159 557 1232 643 quia
1258 557 1328 621 infi-

225 667 327 731 nitum
342 675 388 732 est
402 667 671 753 impertransibile.

270 778 461 864 Respondeo,
478 780 558 844 hanc
580 779 876 864 argumentationem
898 802 1071 865 supponere
1085 801 1196 865 eorpus
1211 779 1328 843 mathe-

225 891 336 954 matice
364 891 545 956 continuum
575 891 744 956 secundum
769 892 937 971 materiam,
963 899 994 956 et
1019 891 1170 956 eiusmodi
1199 899 1235 955 ut
1265 913 1328 955 non

225 1000 323 1085 possit
345 1001 457 1067 habere
481 1011 600 1068 motum
625 1003 786 1068 relativum
810 1004 891 1069 inter
916 1011 1019 1088 partes
1043 1013 1075 1068 et
1100 1011 1212 1088 partes.
1257 1002 1329 1066 'Pale

226 1120 328 1177 autem
352 1135 472 1198 corpus,
490 1115 609 1179 etiamsi
630 1115 763 1194 finitum,
778 1123 948 1200 repugnat:
971 1138 1029 1180 nos
1051 1125 1155 1181 antem
1177 1115 1330 1179 infinitam

226 1225 433 1290 extensionem
452 1226 540 1292 valde
556 1226 696 1312 explicite
719 1226 937 1312 distinguimus
955 1251 973 1292 a
994 1227 1196 1292 continuitate
1218 1227 1329 1292 actuali

228 1336 396 1401 secundum
411 1338 570 1403 materiam
578 1364 588 1418 ;
611 1349 642 1403 et
657 1339 725 1403 ideo
740 1347 957 1424 argumentum
972 1347 1079 1404 contra
1094 1361 1150 1404 nos
1164 1360 1227 1403 non
1239 1339 1328 1403 valet

228 1447 360 1533 Insuper
378 1451 562 1535 supponitur
583 1450 740 1515 infinitum
763 1450 873 1516 debere
894 1473 1041 1536 occupare
1064 1473 1155 1515 omne
1173 1451 1329 1535 spatium

227 1569 258 1624 et
279 1561 337 1626 hoc
359 1584 423 1627 non
445 1571 491 1627 est
512 1586 629 1643 verum,
645 1572 713 1627 tum
735 1562 807 1648 quia
829 1563 937 1648 positis
958 1562 1087 1626 infinitis
1109 1564 1143 1626 in
1165 1563 1263 1647 spatio
1282 1585 1330 1627 re·

228 1680 331 1738 manet
350 1673 579 1739 inexhaun'bilis
594 1675 744 1761 capacitas
763 1697 910 1739 novarum
930 1674 1165 1759 occupationum
1182 1674 1327 1759 (spatium

227 1784 309 1848 enim
324 1808 494 1872 numquam
508 1787 655 1872 impletur
669 1810 686 1850 a
701 1786 887 1872 corporibus,
902 1793 939 1850 ut
956 1785 1072 1850 dictum
1088 1793 1135 1850 est
1149 1786 1183 1849 in
1197 1794 1329 1850 tractatu
1369 1804 1371 1809 ’

228 1895 265 1960 de
279 1896 379 1961 tribus
394 1898 679 1983 continuisses),
695 1906 764 1961 tum
778 1898 851 1983 quia
864 1904 965 1982 potest
980 1895 1115 1961 extensio
1130 1918 1195 1960 esse
1209 1896 1330 1960 infinita

228 2007 398 2072 secundum
412 2031 506 2073 unam
521 2008 618 2073 solam
640 2008 871 2073 dimensionem.
915 2008 957 2072 Et
972 2007 1016 2071 sio
1031 2007 1188 2094 cylindrus
1201 2008 1330 2071 infinitae

227 2117 430 2204 longitudinis
441 2129 544 2205 posset
555 2120 655 2185 adbuc
667 2120 780 2185 moveri
792 2129 879 2184 motu
889 2130 972 2186 recto
980 2118 1124 2204 parallelo
1136 2119 1174 2183 ad
1186 2119 1330 2203 seipsum.

229 2230 366 2295 Tandem
381 2231 485 2295 nullus
501 2231 722 2297 determinatus
737 2240 840 2298 motus
862 2239 908 2296 est
924 2230 961 2295 de
976 2231 1106 2294 essentia
1121 2230 1249 2295 alicuius
1264 2254 1330 2296 mo·

229 2342 299 2408 bilis
314 2353 344 2408 et
366 2344 575 2409 multitudinis
595 2345 774 2410 mobilium:
797 2353 828 2408 et
844 2345 886 2410 sic
901 2343 1089 2409 transmissis
1112 2342 1330 2428 quaestionibus

230 2454 267 2519 de
290 2443 492 2520 determinato
511 2465 599 2520 motu
619 2457 672 2543 qui
694 2456 735 2521 sit
754 2455 926 2521 communis
941 2455 999 2519 toti
1018 2454 1220 2534 multitudini,
1235 2477 1330 2538 nega-

227 2590 297 2632 mus
318 2567 433 2655 aliquid
454 2568 527 2633 inde
548 2568 653 2632 inferri
672 2590 780 2654 posse;
804 2567 917 2632 sufficit
939 2566 1022 2631 enim
1041 2575 1077 2630 ut
1099 2564 1243 2652 quaelibet
1259 2588 1331 2651 pars

227 2681 324 2764 possit
339 2680 451 2745 habere
472 2688 575 2744 motus
590 2703 661 2744 suos
684 2689 831 2766 separate,
846 2701 902 2765 pro
924 2677 1095 2744 actionibus
1110 2677 1222 2764 quibus
1237 2677 1331 2742 subii-

228 2791 318 2856 citur.

273 2902 426 2968 Caeterum
448 2904 549 2968 notari
569 2911 680 2988 potest,
703 2903 761 2968 hoc
786 2912 1004 2988 argumentum
1027 2901 1064 2966 de
1086 2910 1173 2966 motu
1195 2899 1333 2965 circulari

230 3039 295 3082 esse
309 3017 385 3081 utile
407 3015 445 3081 ad
460 3016 650 3102 probandam
672 3017 947 3102 impossibilitatem
963 3014 1097 3100 corporis
1119 3009 1333 3078 mathematice

230 3128 379 3193 continui.
426 3127 459 3192 si
481 3128 563 3192 enim
587 3150 697 3213 corpus
719 3127 778 3192 hoc
796 3127 836 3192 sit
857 3126 1048 3212 sphaericum,
1063 3124 1261 3210 impossibilia
1275 3124 1334 3188 erit

229 3241 295 3305 eius
309 3240 419 3306 rotatio
433 3239 511 3305 circa
526 3249 666 3305 centrum
681 3262 718 3304 ex
733 3248 914 3324 argumento
930 3240 962 3304 S.
975 3239 1111 3304 Thomas.
1156 3239 1238 3302 Nam
1254 3237 1333 3302 sicut

228 3375 291 3417 non
305 3361 407 3438 potest
421 3335 454 3417 in
469 3374 594 3437 corpore
608 3351 729 3416 infinito
743 3351 809 3430 fieri
823 3351 971 3414 transitus
986 3373 1004 3413 a
1018 3349 1176 3414 velocitate
1190 3350 1279 3414 finita
1293 3347 1334 3412 ad

228 3465 391 3545 infinitam,
406 3464 450 3529 ita
469 3465 503 3533 in
526 3464 645 3550 sphaera
658 3462 757 3528 finita¹
767 3485 831 3526 non
853 3469 955 3546 potest
970 3461 1198 3526 fieri‘transitus
1220 3459 1333 3525 avelo-

230 3575 321 3640 oitate
346 3575 543 3640 infinitesima
568 3575 607 3639 ad
630 3573 821 3639 velocitatem
844 3572 981 3638 finitam:
1008 3571 1052 3635 ita
1068 3571 1156 3635 'enim
1183 3593 1225 3650 sev
1240 3570 1334 3635 habet

230 3685 353 3750 finitum
383 3686 423 3751 ad
445 3685 601 3750 infinitum
626 3686 706 3750 siout
731 3663 963 3748 infinitesimum
987 3682 1182 3747 adfinitum.
1226 3683 1334 3769 Atqui,

130 3783 134 3788 ¹
230 3796 330 3881 posita
352 3797 472 3882 sphaera
486 3796 655 3862 secundum
676 3795 834 3861 materiam
856 3795 1013 3875 continua,
1029 3793 1153 3858 deberet
1167 3794 1233 3858 fieri
1249 3801 1335 3858 tran-

231 3907 308 3972 situs
326 3907 516 3974 avelocitate
535 3908 733 3973 infinitesima
754 3907 794 3972 ad
807 3907 928 3971 finitam
948 3905 1148 3971 velocitatem.
1193 3906 1285 3986 Nam,
1300 3905 1333 3968 in

231 4029 318 4092 motu
342 4021 503 4086 rotationis
526 4021 605 4086 circa
630 4028 779 4100 centrum,
795 4019 969 4084 velocitates
994 4027 1067 4082 runt
1092 4016 1335 4102 proportionales

230 4133 341 4199 radiis:
372 4143 404 4198 et
434 4132 513 4197 sicut
542 4153 597 4217 pro
626 4130 773 4196 distantia
793 4131 881 4195 finita
910 4154 928 4194 a
952 4138 1057 4194 centro
1085 4128 1217 4193 habetur
1245 4130 1333 4194 finita

232 4246 383 4326 velocitas,
410 4244 455 4310 ita
475 4245 514 4309 in
544 4243 690 4308 distantia
714 4242 911 4308 infinitesima
934 4242 1098 4306 haberetur
1122 4243 1265 4307 velocitas
1287 4242 1334 4306 in-

229 4357 403 4424 finitesima.
450 4355 556 4433 Quum
571 4363 674 4422 autem
685 4355 868 4420 continuum
882 4353 1022 4418 excludat
1032 4375 1122 4417 omne
1137 4376 1268 4418 vacuum
1284 4361 1333 4416 ut·
