3212 4986
228 371 296 413 cnr.
314 351 353 434 1.]
712 377 753 418 nn
772 377 846 420 nno
1287 359 1329 424 33

227 535 399 600 actuabitur
421 538 520 621 magis
539 547 570 601 et
596 539 694 624 magis
716 541 854 623 potentia
878 540 1062 606 intellectiva
1086 542 1119 606 in
1143 542 1328 626 cognitione,

226 648 325 730 magis
340 657 371 712 et
393 651 491 734 magis
510 650 682 715 actuabitur
696 653 834 736 potentia
856 653 992 720 affectiva
1007 677 1075 739 quae
1094 665 1140 719 ost
1154 655 1187 718 iu
1208 654 1326 738 angelo.

164 788 166 792 ¹
227 759 260 822 Si
276 768 379 824 autem
394 761 521 845 angelus
536 771 615 826 esset
630 786 725 847 purus
741 773 837 842 actus,
850 773 925 829 tunc
939 776 970 829 et
985 767 1135 830 terminus
1150 775 1180 830 ct
1196 766 1328 851 comple-

226 882 366 936 mentum
391 873 538 938 haberent
562 875 711 939 rationem
735 877 805 960 puri
830 886 925 956 actus,
952 887 983 941 et
1008 900 1071 941 non
1098 886 1235 941 cessante
1258 877 1329 942 licet

226 983 418 1068 oppositione
447 985 581 1064 relativa,
609 996 740 1052 cessaret
769 987 955 1072 possibilitas
981 988 1081 1052 omnis
1114 987 1329 1074 metaphysica

226 1095 467 1179 compositionis,
484 1088 555 1182 quia
570 1121 651 1162 unus
673 1107 704 1162 et
720 1099 802 1162 idem
817 1107 904 1163 actus
925 1100 1033 1183 nequit
1049 1122 1114 1163 esse
1131 1099 1329 1183 compositus.

227 1207 364 1291 Apparet
379 1230 462 1292 ergo,
478 1209 637 1288 rationem,
653 1220 780 1296 propter
797 1233 888 1295 quam
905 1210 937 1274 in
952 1210 1062 1295 angelo
1077 1219 1123 1274 est
1138 1209 1327 1295 compositio,

226 1319 259 1382 in
274 1319 342 1384 Deo
356 1320 457 1386 locum
474 1345 536 1386 non
551 1322 672 1388 habere.

269 1435 322 1496 lo.
351 1435 476 1498 Obiicics
491 1439 535 1498 4⁰.
562 1435 595 1498 Si
620 1436 664 1499 ita
688 1444 744 1516 est,
762 1437 942 1522 mysterium
968 1436 1127 1500 Trinitatis
1153 1458 1207 1521 per
1233 1434 1328 1500 solam

226 1545 449 1631 philosophiam
466 1546 683 1631 explicabitur:
707 1548 791 1632 quod
805 1549 927 1612 admitti
941 1548 1058 1633 nequit.

269 1656 452 1740 Respondeo
466 1681 496 1720 n.
513 1668 574 1722 ont.
620 1658 701 1722 Nam
724 1661 902 1744 mysterium
922 1682 985 1723 non
1000 1659 1141 1723 consistit
1157 1657 1282 1743 praecise
1296 1657 1329 1721 in

225 1769 287 1832 hoc.
306 1769 389 1853 quod
403 1793 462 1834 cna
481 1773 588 1834 entitas
610 1773 744 1836 absoluta
765 1773 894 1856 indigeat
917 1773 1069 1837 terminari
1084 1773 1177 1836 tribus
1192 1773 1330 1835 termino-

226 1883 353 1962 tionibas
374 1883 493 1947 realiter
516 1883 664 1948 distinctis
682 1883 786 1966 (huius
811 1885 895 1948 enim
920 1885 962 1948 rei
985 1882 1123 1968 exempla
1146 1883 1259 1967 passim
1281 1881 1329 1945 in·

227 1994 394 2056 veniuntur
413 2002 497 2057 extra
515 1994 644 2078 Deum),
661 1995 714 2058 sed
736 1995 877 2059 consistit
896 1996 928 2059 in
950 1995 1112 2090 hoclquod
1136 1995 1248 2058 entitas
1268 2015 1332 2058 una

227 2104 367 2168 absoluta
382 2105 425 2168 sic
436 2105 601 2170 terminata
614 2105 726 2171 habeat
740 2107 889 2171 rationem
905 2107 1001 2171 trium
1016 2107 1230 2171 Personarum.
1263 2106 1330 2169 Iam

227 2239 297 2280 vero
320 2216 354 2280 in
377 2217 530 2296 omnibus,
552 2241 620 2302 quae
646 2240 738 2302 supra
762 2218 905 2296 diximus,
924 2218 1002 2281 nihil
1028 2226 1074 2282 est
1100 2217 1183 2302 quod
1204 2218 1330 2281 demon·

226 2329 350 2393 strative
364 2328 472 2414 probet
487 2337 549 2393 tres
565 2351 630 2393 esse
642 2330 674 2392 in
685 2329 753 2394 Deo
769 2352 923 2414 personas.
969 2329 1054 2394 Licet
1077 2330 1158 2394 enim
1182 2328 1328 2394 adhibue·
1386 2363 1387 2368 .
1420 2311 1429 2333 ⁰

221 2437 324 2506 ¹rimus
342 2442 469 2512 nomina
483 2442 594 2520 Patris,
612 2443 683 2506 Filii
698 2450 728 2506 et
745 2442 879 2527 Spiritus
896 2443 1011 2522 Sancti,
1026 2465 1095 2527 quae
1117 2451 1190 2506 sunt
1206 2442 1331 2506 nomina

219 2557 399 2638 personalia,
416 2565 447 2618 et
459 2555 683 2619 ostenderimus
694 2555 936 2620 convenientiam
953 2556 1064 2620 horum
1081 2555 1241 2618 nominum
1258 2577 1329 2619 cum

226 2666 374 2745 realitate,
390 2689 454 2730 non
476 2674 579 2730 tamen
600 2689 670 2730 cum
687 2667 821 2752 perfecte
841 2666 1134 2751 evidentiaapparet
1156 2674 1263 2730 utrum
1278 2665 1331 2730 illa

227 2779 286 2841 tria
315 2778 449 2857 relativa,
472 2800 539 2863 quae
565 2778 742 2842 nominibus
768 2777 979 2862 personalibus
1009 2786 1090 2841 recte
1119 2778 1329 2857 nominantur,

229 2890 355 2973 exigant
381 2889 507 2953 omnino
533 2897 597 2953 tres
622 2889 783 2968 Personas,
809 2912 848 2952 an
874 2869 997 2958 unicani
1025 2912 1186 2973 personam
1215 2889 1331 2954 altioris

228 3001 342 3064 ordinis
359 3001 544 3064 constituere
559 3000 688 3085 possint,
698 3022 766 3084 quae
782 3001 901 3064 dicatur
915 2998 1094 3085 simpliciter
1107 3000 1204 3065 Deus.
1239 3001 1330 3064 Ratio

228 3122 283 3192 cst,
300 3114 372 3199 quia
385 3113 486 3178 ideam
498 3113 644 3176 'Personae
657 3113 832 3197 philosophi
853 3112 1004 3197 explicant
1020 3135 1075 3197 per
1092 3092 1330 3177 incommunica-

228 3225 401 3290 bilitatem:
424 3226 456 3289 in
482 3225 551 3290 Deo
577 3236 690 3303 autem,
710 3224 780 3288 licet
806 3225 977 3288 Paternitas
1001 3246 1062 3288 non
1088 3225 1331 3290 communicetur

230 3337 316 3416 Filio,
332 3346 363 3400 et
377 3359 432 3421 per
446 3337 504 3400 hoc
520 3336 600 3400 dicat
620 3335 878 3420 personalitatem,
895 3345 1029 3400 attamen
1054 3337 1185 3400 essentia
1201 3345 1330 3422 quaeest

228 3448 260 3512 in
283 3449 374 3512 Patre
396 3447 656 3512 communicatur:
681 3455 711 3511 et
729 3455 854 3533 propter
870 3448 929 3511 hoc
951 3447 1123 3512 Paternitas
1145 3457 1176 3512 et
1197 3447 1337 3539 Filiatio,

228 3584 290 3624 non
310 3560 391 3625 inter
406 3583 456 3639 se,
473 3559 527 3624 sed
549 3563 580 3623 in
603 3563 689 3624 tertio
709 3559 952 3624 identificantur:
977 3560 1060 3644 quod
1080 3582 1143 3624 non
1166 3562 1330 3646 respondet

227 3672 302 3737 ideae
330 3672 683 3737 incommunicabilitatis
713 3672 889 3758 adaequatae,
917 3695 977 3758 qua
1006 3695 1144 3756 persona,
1175 3683 1210 3736 ut
1239 3675 1329 3738 nobis

228 3784 409 3848 naturaliter
436 3785 568 3868 cognita,
593 3784 801 3848 constituitur.
852 3784 935 3848 Hinc
961 3793 1096 3868 apparet,
1119 3805 1232 3848 nomen
1256 3787 1329 3851 Per-

229 3919 320 3976 sonae,
335 3905 428 3982 prout
443 3897 510 3960 Deo
532 3896 690 3976 tribuitur,
706 3918 769 3960 non
787 3896 899 3960 habere
921 3896 1063 3960 cumdem
1086 3919 1218 3976 sensum,
1235 3921 1328 3983 quem

192 4015 195 4019 ’
226 4008 318 4073 hahet
334 4018 418 4073 extra
432 4009 555 4073 Deum:
580 4031 674 4093 quare
688 4031 726 4072 ex
747 4008 815 4072 idea
831 4030 968 4093 personae
990 4030 1082 4092 quam
1098 4007 1246 4074 habemus
1263 4033 1327 4076 non

117 4167 119 4170 -
224 4141 390 4204 possumus
414 4119 557 4204 rigorose,
585 4118 639 4183 sed
662 4127 785 4182 tantum
810 4141 865 4204 per
890 4117 1053 4203 quamdam
1076 4119 1263 4204 analogiam,
1288 4123 1326 4189 de

222 4231 495 4316 'personalitatibus
511 4231 622 4297 divinis
637 4230 752 4316 aliquid
769 4231 877 4294 dicere.

270 4344 329 4408 His
358 4353 462 4408 tamen
492 4367 554 4407 non
584 4342 788 4422 obstantibus,
814 4352 917 4435 potest
946 4342 1093 4406 naturalis
1122 4343 1323 4432 philosophia,

222 4475 295 4519 ron.
312 4476 365 4520 111.
1129 4475 1150 4516 n
