3222 4984
251 341 314 408 196
695 363 739 407 nn
757 363 923 409 sns1u1ro.
1223 343 1315 428 [css.
1327 363 1353 406 1.

249 525 462 594 communiter.
507 525 664 604 Quaeritur
687 549 762 612 ergo
783 528 891 613 primo,
905 528 982 593 unde
1002 530 1043 594 sit
1059 529 1091 592 ia
1103 528 1187 592 mdis
1200 535 1355 612 conceptue

250 638 370 726 infiniti.

294 748 490 834 Respondeo,
502 757 684 833 conceptum
700 749 813 815 infiniti
827 750 892 815 erui
907 771 943 815 ex
957 748 1047 814 rebus
1061 748 1167 814 finitis.
1211 747 1253 811 Et
1266 747 1354 811 facile

250 857 397 944 probatur
407 882 417 936 3
440 880 512 923 nam
524 880 619 943 quum
631 858 753 936 finitum
765 867 796 924 et
806 859 962 923 infinitum
975 859 1036 924 sint
1048 859 1196 944 opposita,
1208 867 1239 923 et
1253 880 1352 921 unum

250 977 343 1055 neget
358 967 452 1049 aliud,
468 991 590 1034 necesse
601 979 647 1034 est
662 979 698 1035 ut
714 970 761 1035 vel
776 993 813 1036 ex
826 971 914 1036 finito
929 971 969 1035 ad
987 963 1143 1035 infinitum
1163 978 1354 1033 transeamus

251 1080 395 1166 negando
409 1080 550 1160 limitem,
566 1080 613 1146 vel
628 1103 665 1145 ex
680 1080 800 1146 infinito
814 1091 1003 1147 transeamus
1017 1082 1057 1146 ad
1071 1081 1194 1146 finitum
1212 1079 1354 1164 negando

250 1189 444 1256 infinitatem.
468 1191 564 1277 Atqui
579 1212 642 1254 non
658 1191 852 1277 procedimus
867 1191 905 1256 ab
919 1193 1041 1256 infinito
1055 1191 1095 1256 ad
1109 1192 1243 1255 finitum.
1268 1191 1353 1274 Ergo

249 1323 286 1367 ex
305 1302 394 1366 finito
414 1301 452 1366 ad
470 1301 637 1366 infinitum.
683 1302 790 1367 Minor
806 1312 910 1367 autem
924 1312 1008 1388 patet
1023 1303 1163 1388 pluribus
1177 1301 1294 1366 modis:
1320 1304 1353 1365 1⁰

249 1413 321 1498 quia
334 1412 516 1477 vocabulum
539 1413 640 1498 ipsum
663 1415 775 1499 infiniti
794 1414 947 1479 derivatur
961 1439 997 1480 ex
1004 1415 1105 1498 finito,
1121 1415 1243 1499 praefixa
1258 1413 1350 1498 parti-

249 1523 318 1588 cula
340 1532 490 1608 negante:
513 1545 636 1588 necesse
658 1546 731 1608 ergo
753 1535 799 1589 est
822 1524 930 1604 dicere,
953 1547 1017 1589 non
1039 1525 1138 1589 solum
1161 1546 1274 1602 vocem,
1298 1523 1351 1587 sed

250 1634 342 1698 etiam
358 1633 456 1697 ideam
473 1634 564 1714 finiti,
579 1657 644 1700 esse
660 1657 716 1721 pro
731 1636 819 1700 nobis
833 1636 964 1721 priorem
981 1645 1130 1721 conceptu
1149 1635 1263 1699 infiniti
1272 1660 1281 1713 ;
1303 1656 1351 1698 res

250 1743 332 1808 enim
352 1766 457 1808 omnes
477 1767 513 1808 ex
534 1745 571 1809 iis
587 1745 793 1826 nominamus,
809 1769 846 1818 ex
860 1747 971 1831 quibus
985 1771 1036 1812 eas
1050 1747 1271 1831 cognoscimus.
1318 1745 1351 1809 Si

250 1863 352 1920 autem
369 1877 618 1939 cognosceremus
633 1857 718 1942 prius
733 1857 900 1938 infinitum,
916 1881 1007 1943 quam
1022 1859 1155 1936 finitum,
1171 1858 1256 1922 nulla
1274 1857 1350 1922 ratio

249 1965 336 2031 reddi
358 1975 460 2050 posset
482 1967 548 2031 eius
562 1967 719 2046 vocabuli3
741 1991 837 2054 quum
860 1969 941 2033 enim
963 1969 1077 2033 infiniti
1098 1977 1263 2053 conceptus
1286 1989 1350 2031 non

250 2077 331 2143 dieat
353 2077 485 2164 aliquam
507 2079 702 2162 negationem
725 2088 861 2164 exparte
882 2081 1002 2160 obiecti,
1018 2081 1143 2144 omnino
1157 2079 1349 2144 irrationabi-

248 2187 319 2254 liter
340 2211 438 2275 genus
460 2189 631 2253 humanum
653 2198 790 2254 uteretur
806 2190 950 2254 vocabulo
964 2191 1159 2276 negationem
1174 2191 1350 2256 continente

249 2300 288 2366 ad
297 2299 451 2364 infinitum
464 2300 706 2384 designandum:
729 2310 760 2365 et
772 2300 814 2364 sic
824 2301 985 2366 dicendum
995 2309 1051 2377 est,
1063 2301 1142 2366 hanc
1154 2301 1349 2386 negationem

250 2432 312 2474 non
342 2411 494 2496 pertinere
523 2410 562 2475 ad
591 2410 745 2475 obiectum
771 2411 854 2495 quod
879 2412 1057 2496 coneipitur,
1074 2411 1136 2476 'sed
1161 2412 1201 2476 ad
1224 2412 1349 2476 modum

249 2529 391 2586 nostrum
413 2519 491 2585 illud
513 2519 712 2605 concipiendi.
757 2524 793 2586 2⁰
815 2522 849 2586 Si
870 2545 906 2586 ex
928 2536 1077 2606 conceptu
1098 2523 1213 2587 infiniti
1240 2522 1350 2588 transi·

249 2655 351 2697 remus
367 2632 405 2698 ad
421 2641 602 2718 conceptum
616 2632 707 2712 finiti,
722 2631 903 2697 haberemus
918 2641 971 2698 aut
989 2633 1155 2712 clariorem,
1171 2643 1225 2698 aut
1243 2634 1350 2699 saltem

249 2767 334 2829 aeque
349 2744 461 2809 claram
476 2744 575 2809 ideam
594 2743 707 2808 infiniti
724 2766 759 2808 ao
778 2744 867 2808 finiti.
912 2744 996 2808 Illud
1015 2745 1107 2824 enim,
1122 2754 1247 2829 propter
1267 2743 1350 2830 quod

250 2854 340 2919 datur
362 2855 494 2940 intelligi
516 2854 610 2933 aliud,
626 2855 716 2919 debet
737 2877 804 2918 esse
819 2854 924 2918 saltem
940 2876 1024 2940 aeque
1038 2856 1207 2939 cognitum.
1251 2857 1349 2942 Atqui

248 2965 348 3030 multo
369 2963 479 3029 clarius
502 2965 714 3048 cognoscimus
735 2965 869 3044 finitum,
890 2988 980 3050 quam
1003 2966 1170 3046 infinitum,
1185 2975 1221 3030 ut
1242 2989 1348 3031 omnes

249 3075 338 3139 fateri
353 3083 515 3158 coguntur.
560 3074 644 3158 Ergo
664 3097 727 3140 non
749 3077 961 3160 cognoscimus
975 3077 1098 3141 finitum
1112 3101 1168 3162 per
1182 3078 1349 3143 infinitum.

250 3188 285 3251 3⁰
307 3185 421 3250 Nullus
443 3194 607 3270 conceptus
630 3209 695 3250 esse
716 3195 818 3271 potest
839 3188 872 3251 in
894 3187 1051 3252 intellectu
1065 3211 1120 3273 per
1134 3189 1302 3273 simplicem
1318 3198 1348 3254 et

249 3297 456 3362 immediatam
472 3297 753 3383 apprehensionem,
769 3299 844 3383 quin
859 3298 1012 3363 obiectum
1026 3299 1092 3364 eius
1106 3300 1262 3383 imprimat
1280 3317 1347 3385 ¹spe-

248 3407 326 3473 ciem
348 3408 401 3473 sui,
419 3409 450 3472 in
472 3407 693 3487 intellectuat
715 3417 835 3474 constat
856 3432 892 3473 ex
914 3417 1024 3473 natura
1038 3409 1082 3474 rei
1091 3436 1103 3490 3
1125 3432 1222 3495 quum
1237 3411 1347 3476 habere

249 3519 349 3608 ideam
364 3519 403 3584 sit
418 3519 527 3584 habere
539 3519 679 3604 speciem,
689 3528 720 3584 et
732 3520 846 3604 species
857 3520 897 3584 sit
909 3520 946 3584 ab
958 3520 1086 3586 obiecto.
1120 3522 1218 3606 Atqui
1227 3522 1346 3586 nullum

248 3629 351 3694 existit
372 3630 525 3694 obiectum
547 3630 630 3714 quod
652 3631 684 3694 in
699 3629 787 3694 nobis
802 3630 958 3714 imprimat
973 3629 1252 3714 specieminfiniti3
1275 3654 1347 3716 ergo

248 3741 435 3826 impossibile
449 3749 496 3806 est
510 3740 608 3804 ideam
624 3739 737 3803 infiniti
752 3761 816 3803 esse
831 3739 1056 3818 immediatam
1079 3762 1151 3824 ergo
1165 3748 1212 3804 est
1227 3763 1245 3804 o
1259 3741 1347 3806 nobis

249 3851 379 3917 deducta
401 3875 437 3916 ex
460 3851 534 3917 ideis
555 3873 657 3915 rerum
678 3851 845 3932 finitarum.
890 3850 996 3914 Minor
1020 3859 1123 3915 autem
1145 3851 1268 3917 evidens
1289 3862 1345 3933 est,

248 3963 320 4050 quia
334 3985 425 4027 nemo
440 3962 595 4047 cognoscit
611 3952 754 4026 intuitive
768 3960 891 4046 aliquod
906 3960 1058 4025 obiectum
1080 3962 1247 4042 infinitum,
1263 3964 1347 4049 quod

247 4073 344 4159 possit
358 4073 516 4156 designare
531 4052 687 4156 tamquam
702 4070 744 4150 id,
756 4094 791 4134 ex
806 4094 868 4156 quo
883 4071 955 4136 alias
966 4071 1049 4136 ideas
1061 4072 1201 4151 deducat,
1213 4075 1345 4158 exceptis

246 4183 419 4267 Ontologis,
434 4165 497 4268 xqui
518 4190 639 4267 ponunt
660 4182 693 4246 in
715 4182 803 4246 nobis
825 4183 972 4246 intuitum
994 4183 1204 4247 immediatum
1227 4183 1288 4248 Dei
1309 4193 1346 4248 ut

247 4293 327 4357 entis
343 4294 529 4378 simpliciter,
541 4313 678 4377 quosque
690 4314 745 4356 suo
759 4291 825 4356 loeo
840 4292 1037 4357 refirtavimus
1051 4293 1112 4376 (De
1123 4292 1289 4358 hominen.
1301 4297 1345 4358 98
