3222 4984
281 327 348 392 234
719 347 763 392 ns
779 345 945 392 russurro.
1226 323 1315 409 [car.
1331 343 1386 387 111.

281 511 435 600 possibile,
447 513 531 598 quod
545 535 608 578 non
622 511 797 578 ostenditur
810 532 1001 596 repugnare:
1023 509 1110 595 atqui
1123 508 1244 574 infinite
1258 509 1385 574 annalis

281 625 417 690 extensio
431 646 494 689 non
510 624 685 690 ostenditur
698 645 880 709 repugnare,
894 630 931 688 ut
945 643 981 686 ex
1003 621 1154 686 solutione
1169 621 1386 686 difficultatum

280 735 419 822 patebit3
442 757 516 820 ergo
541 735 695 821 possibilis
720 733 850 800 dicenda
878 741 935 798 est.
981 732 1123 798 Secundo
1148 733 1187 798 ad
1211 732 1384 798 habendam

281 849 489 913 extensionem
518 871 546 913 ι.
574 870 621 934 gr.
645 847 791 913 linearem
820 846 973 911 infinitam
999 845 1110 910 suffieit
1138 845 1250 910 habere
1279 844 1385 909 multi·

281 960 421 1025 tudinem
432 960 653 1026 elementorum
667 959 869 1025 materialium
881 957 1034 1022 infinitum
1048 959 1133 1026 iuxta
1146 958 1260 1024 lineam
1269 965 1384 1022 rectam

282 1071 516 1157 dispositorum:
538 1080 614 1136 tuno
632 1072 714 1136 enim
733 1069 812 1135 sicut
832 1067 1004 1134 nonhabet
1023 1069 1116 1134 finem
1138 1068 1305 1133 multitudo
1324 1067 1385 1132 ele·

281 1191 466 1262 mentorum,
494 1183 539 1246 ita
570 1181 751 1247 nonhabet
780 1182 874 1246 finem
901 1179 1069 1246 multitudo
1091 1180 1275 1246 relationum
1304 1180 1385 1245 inter

281 1295 419 1381 proxime
432 1294 592 1359 elementa.
639 1294 697 1358 Hae
711 1303 815 1360 antem
829 1293 990 1358 relationes
1005 1292 1166 1358 distantias
1181 1293 1385 1371 constituunt,

281 1416 313 1472 et
335 1407 489 1472 distantiae
513 1405 718 1471 determinant
740 1406 947 1470 extensionem
970 1414 1073 1469 motus
1098 1405 1263 1490 possibilis,
1285 1427 1303 1469 a
1324 1426 1386 1489 qua

280 1519 429 1605 accipitur
450 1519 586 1584 extensio
602 1518 693 1604 spatii
707 1517 834 1583 relativi.
882 1517 969 1582 Sicut
988 1539 1062 1601 ergo
1076 1516 1229 1601 possibilis
1244 1524 1291 1580 est
1306 1514 1386 1579 mul·

281 1631 383 1696 titudo
404 1631 534 1709 infinite,
550 1631 595 1696 ita
617 1630 771 1716 possibilis
795 1638 842 1694 est
865 1629 1001 1694 extensio
1023 1629 1144 1693 infinita
1166 1629 1298 1694 linearis.
1343 1627 1386 1691 llt

281 1752 502 1828 oonsequenter
523 1743 615 1808 etiam
638 1743 815 1828 superficies
832 1741 952 1806 infinite
974 1751 1108 1821 extensa,
1124 1750 1156 1806 et
1173 1741 1316 1806 volumen
1338 1741 1385 1804 in-

281 1854 368 1919 finite
396 1863 554 1920 extensum
584 1864 631 1919 est
660 1855 813 1941 possibile,
844 1877 940 1940 quum
969 1854 1136 1919 multitudo
1165 1855 1385 1919 elementorum

281 1971 378 2050 possit
400 1989 466 2031 esse
494 1967 651 2031 infinitum
681 1966 806 2031 secundi
830 1966 945 2032 ordinis
974 1974 1006 2030 et
1034 1965 1118 2029 tertii
1147 1963 1272 2043 ordinis,
1301 1964 1387 2028 iuxta

282 2077 464 2162 supradicta.

326 2190 473 2267 Quamvis
485 2197 588 2255 antem
599 2189 783 2254 extensionis
794 2196 960 2273 conceptus
971 2187 1141 2273 dependeat
1156 2186 1386 2272 aposribilitate

281 2310 394 2380 motus,
417 2322 482 2365 non
507 2309 611 2366 tamen
634 2301 675 2366 ad
698 2299 932 2386 possibilitatem
956 2299 1139 2364 extensionis
1165 2307 1236 2364 actu
1257 2298 1387 2364 infinitae

281 2413 446 2498 requiritur
463 2412 573 2498 aliquia
595 2420 699 2477 motus
718 2411 845 2477 actualis
866 2411 1032 2477 extendens
1052 2433 1084 2476 se
1101 2411 1135 2476 in
1149 2411 1317 2492 infinitum,
1332 2409 1387 2475 sed

282 2524 394 2589 suffieit
417 2524 483 2589 eius
504 2523 700 2608 possibilitas,
715 2532 751 2588 ut
772 2523 895 2588 evidens
914 2532 978 2589 est:
1001 2545 1074 2588 nam
1096 2523 1178 2608 quod
1201 2522 1313 2587 dicitnr
1334 2545 1384 2587 ea·

283 2639 374 2701 tensio
400 2638 541 2720 corporis,
554 2658 658 2700 revera
678 2635 757 2700 nihil
779 2636 863 2700 uliud
889 2644 936 2700 est
958 2635 1021 2700 nisi
1043 2635 1261 2700 extensibilitas
1283 2643 1385 2699 motus
1452 2655 1455 2663 ‘

281 2746 432 2811 limitibus
453 2747 587 2832 corporis
610 2747 820 2827 determinata,
836 2755 866 2812 et
889 2747 1001 2812 dicitur
1023 2747 1150 2812 actualis
1169 2748 1305 2812 extensio
1322 2769 1386 2812 non

281 2871 405 2944 propter
420 2858 568 2924 actualem
583 2869 712 2939 motum,
729 2859 782 2924 sed
796 2868 921 2945 propter
934 2860 1085 2924 semelem
1099 2859 1383 2924 determinationem

282 2971 462 3054 quantitatis
488 2972 649 3040 extensivae
671 2994 727 3056 per
752 2993 846 3056 quam
871 2971 993 3037 extendi
1017 2979 1119 3056 potest
1144 2979 1256 3035 motus.
1303 2971 1386 3034 Hinc

282 3082 418 3146 extensio
442 3090 555 3161 motus,
575 3083 655 3147 siout
679 3090 711 3146 et
736 3083 892 3168 temporis,
908 3083 1016 3168 nequit
1038 3105 1104 3147 esse
1126 3083 1248 3147 infinita
1269 3081 1331 3146 nisi
1353 3082 1386 3144 in

282 3192 420 3276 potentia
441 3201 472 3256 et
491 3193 668 3271 successive,
681 3193 735 3258 aed
756 3194 892 3259 extensio
912 3193 1003 3278 spatii
1022 3194 1163 3258 habentis
1184 3196 1217 3257 in
1236 3216 1269 3258 se
1290 3202 1386 3258 mate·

282 3305 360 3368 riam
374 3313 475 3388 potest
490 3327 558 3369 esse
570 3313 641 3370 actu
661 3305 792 3385 infinita,
808 3305 975 3371 dummodo
989 3327 1052 3370 non
1072 3305 1182 3370 habeat
1197 3307 1291 3371 finem
1305 3305 1386 3370 mul-

282 3415 384 3480 titudo
405 3415 625 3494 elementorum
646 3417 783 3483 materiae
805 3426 875 3482 actu
897 3417 930 3481 in
953 3439 989 3482 eo
1010 3417 1217 3483 existentium.
1263 3418 1388 3482 sivero

282 3528 418 3592 extensio
433 3530 602 3594 secundum
619 3529 823 3595 dimensiones
837 3551 999 3615 corporum
1019 3529 1207 3614 cogitaretur
1219 3537 1256 3593 ut
1270 3527 1387 3614 aliquid

282 3641 474 3706 materialiter
499 3642 690 3721 continuum,
717 3650 793 3707 tunc
817 3663 882 3706 non
911 3640 1011 3705 solum
1036 3649 1222 3725 repugnaret
1250 3639 1387 3704 extensio

283 3761 354 3816 actu
364 3753 494 3832 infinita,
504 3753 559 3818 sed
572 3755 664 3818 etiam
679 3762 750 3818 actu
765 3754 860 3831 finita,
873 3761 998 3838 propter
1008 3753 1141 3818 rationes
1155 3752 1228 3818 alibi
1239 3752 1387 3817 adductas

283 3872 388 3929 contre
402 3865 636 3930 continuitatem
651 3864 801 3930 actualem
817 3865 959 3929 materiae.

325 3977 377 4040 42.
406 3978 532 4042 Obiieies
548 3980 591 4058 1⁰,
606 3999 678 4042 cum
694 3976 727 4043 S.
742 3977 860 4041 Thema
877 3977 1153 4061 (p.1.q.7.a.3):
1181 3976 1273 4040 Omne
1284 3997 1388 4060 corpses

282 4089 418 4152 morale
428 4089 696 4174 aliquomsormom
705 4089 925 4153 substantialem
940 4089 1026 4152 habet
1036 4089 1277 4152 determinatam:
1300 4109 1388 4170 qaam

282 4201 375 4280 ipitur
397 4200 439 4265 ad
451 4199 583 4284 sormam
605 4201 827 4264 substantiolae
847 4201 1060 4283 subsequantur
1083 4200 1255 4278 academia,
1275 4220 1390 4264 necesse

282 4318 326 4374 est
341 4312 420 4394 qaod
432 4313 472 4375 od
489 4312 711 4376 determinatam
719 4313 851 4396 fornoum
865 4321 1078 4395 consequantur
1093 4313 1287 4376 determinato
1309 4313 1386 4376 aect-
