3222 4984
235 356 307 400 ιιι.
324 335 395 420 ιιι.]
671 357 714 400 nn
731 356 896 402 rarrurrc.
1275 341 1339 406 233

236 521 361 586 tudinea
384 527 469 586 extra
496 519 590 601 illam,
617 519 786 608 inquibus
814 523 928 588 iterum
957 522 1123 588 etiterum
1146 523 1340 588 contineatur

236 634 398 713 ternarius,
420 632 608 697 millenarius
630 642 706 700 eta:
733 636 776 699 ita
801 643 838 699 ut
860 634 961 699 omnis
983 635 1098 720 species
1124 636 1245 700 numeri
1266 657 1339 700 con-

237 747 372 812 tineatur
386 755 450 811 tam
472 747 506 811 in
529 769 591 810 una
613 745 823 827 multitudine,
838 770 932 832 quam
958 747 991 810 in
1014 747 1150 832 qualibet
1175 748 1243 813 alia.
1290 748 1339 814 Sic

236 859 263 922 si
277 869 432 942 ponantur
449 857 562 922 infiniti
583 857 723 922 homines
739 843 907 923 secundum
929 857 1042 922 lineam
1058 869 1172 924 rectam
1188 858 1339 944 dispositi,

234 969 334 1034 adhuc
349 968 400 1033 alii
415 968 477 1033 rive
487 968 567 1033 finiti
582 968 644 1033 sive
657 968 772 1033 infiniti
786 976 914 1054 possunt
922 969 1070 1034 infinities
1081 970 1155 1055 poni
1169 970 1338 1035 secundum

236 1080 310 1146 alias
325 1079 420 1144 lineas
435 1078 594 1165 parallelas
609 1088 663 1144 ant
677 1079 824 1164 obliquas.

279 1192 331 1257 Ad
352 1192 563 1278 probationem
586 1191 709 1256 maioris
728 1193 796 1256 dist.
813 1201 873 1257 aot.
890 1191 1047 1257 infinitum
1073 1195 1222 1258 contrarie
1247 1194 1338 1259 debet

236 1304 491 1388 comprehendere
503 1326 624 1368 omnem
638 1303 686 1368 sui
695 1304 816 1388 generis
826 1302 1048 1388 plenitudinem
1061 1327 1086 1368 c.
1096 1313 1170 1384 act,
1181 1305 1338 1370 infinitum

235 1416 467 1482 contradictorie
488 1439 518 1480 ιι.
534 1425 595 1480 cat.
641 1415 693 1479 Ad
715 1415 925 1501 probationem
950 1415 1076 1480 minoris
1101 1417 1169 1481 dist.
1185 1418 1235 1481 M.
1250 1416 1337 1482 nulla

235 1537 335 1614 potest
350 1528 416 1593 dari
431 1527 608 1606 multitudo,
624 1550 685 1613 qna
699 1526 796 1591 maior
811 1526 876 1590 dari
890 1548 954 1590 non
968 1523 1065 1612 possit
1079 1550 1134 1612 per
1149 1527 1335 1592 additionem

234 1639 350 1705 infiniti
364 1664 390 1705 c.
406 1641 466 1719 M„
482 1662 538 1725 per
552 1638 738 1704 additionem
754 1638 836 1703 finiti
850 1662 880 1703 ιι.
898 1640 965 1714 M.,·
988 1640 1058 1704 dist.
1073 1641 1143 1704 min.
1159 1640 1337 1722 multitudo,

234 1778 294 1841 qua
309 1754 405 1819 maior
419 1755 524 1819 haberi
538 1749 640 1840 potest
655 1777 709 1840 per
722 1754 912 1819 additionem
924 1754 1015 1834 finiti,
1028 1776 1090 1819 non
1105 1755 1337 1840 comprehendit

233 1886 339 1930 omnes
354 1888 498 1930 numeros
512 1888 538 1929 ι.
550 1868 632 1945 mia,
644 1864 810 1929 multitudo
825 1887 886 1950 qua
900 1865 996 1928 maior
1004 1864 1109 1930 haberi
1119 1874 1221 1950 potest
1236 1866 1336 1930 solum

232 1998 286 2061 per
301 1976 487 2042 additionem
502 1976 616 2040 infiniti
630 2000 659 2040 ιι.
669 1978 740 2041 mic.
752 1985 782 2040 et
795 1999 874 2042 ιοιιι.
918 1976 1055 2040 Tandem
1069 1977 1108 2042 ad
1123 1977 1333 2062 probationem

232 2090 355 2158 maioris
378 2113 457 2154 conc.
476 2099 539 2155 act.
562 2098 593 2154 et
616 2113 646 2154 ιι.
667 2113 744 2155 coras.
791 2089 986 2175 Quicumque
1008 2090 1173 2176 negligunt
1203 2090 1336 2157 diversas

233 2203 347 2286 species
362 2211 392 2266 et
414 2203 536 2267 ordines
550 2202 752 2282 infinitorum,
768 2211 947 2287 supponunt
969 2203 1125 2268 infinitum
1140 2226 1205 2268 esse
1220 2204 1336 2290 aliquid

231 2314 407 2379 invariabile
418 2322 448 2379 et
464 2336 525 2398 quo
539 2313 617 2377 nihil
628 2313 744 2378 maius:
767 2314 874 2398 inqua
887 2313 1051 2400 hypothesi
1065 2337 1128 2378 non
1144 2314 1244 2379 solnm
1256 2315 1334 2380 nihil

231 2433 332 2511 potest
341 2425 460 2511 concipi
474 2433 510 2490 ut
525 2434 596 2490 actu
607 2425 763 2490 infinitum
775 2424 984 2505 multitudine,
994 2425 1049 2490 sed
1063 2447 1119 2510 nec
1133 2425 1166 2489 in
1177 2427 1315 2511 potentia
1323 2453 1334 2506 3

230 2537 343 2603 valeret
356 2538 438 2602 enim
453 2537 535 2602 idem
550 2546 768 2622 argumentum
787 2546 894 2602 eontra
909 2537 1030 2602 infinita
1043 2537 1221 2622 possibilia:
1244 2546 1275 2603 et
1290 2540 1333 2605 sic

162 2663 167 2671 ·
229 2671 294 2714 non
308 2658 410 2714 essent
431 2649 700 2714 infinitihominer
718 2649 915 2734 inpotentia,
931 2649 1003 2735 quia
1026 2658 1203 2735 sequeretur
1225 2672 1330 2716 eorum

229 2761 353 2845 capillos
368 2769 475 2846 utpote
496 2760 596 2845 magis
610 2760 748 2825 infinitos
769 2782 831 2825 non
847 2760 998 2825 contineri
1011 2761 1044 2825 in
1067 2761 1218 2826 infinitate
1232 2762 1331 2827 homi-

202 2900 204 2904 ·
229 2894 325 2937 num:
349 2881 380 2936 et
402 2880 488 2937 actus
510 2873 604 2936 nnius
625 2872 707 2938 beati
726 2894 780 2957 per
798 2877 895 2937 totam
917 2872 1118 2937 aeternitatem
1144 2895 1208 2938 non
1229 2882 1331 2939 essent

228 2982 353 3063 infiniti,
368 2983 441 3069 quia
462 2991 548 3047 actus
566 2991 689 3048 centum
712 2983 871 3048 beatorum
890 2991 992 3048 essent
1011 2984 1109 3068 magis
1132 2983 1256 3064 infiniti,
1270 2994 1331 3050 etc.

231 3093 292 3158 Sed
314 3116 351 3158 ex
374 3116 466 3179 supra
487 3093 643 3180 explicatis
664 3102 749 3180 patet
771 3117 834 3159 rem
858 3094 984 3160 omnino
1003 3095 1091 3159 aliter
1110 3117 1143 3159 se
1162 3094 1283 3175 habere,
1300 3106 1331 3161 et

227 3228 316 3290 posse
340 3229 375 3272 ac
399 3206 509 3272 debere
533 3229 603 3272 vere
624 3206 780 3271 infinitam
808 3205 868 3271 dici
890 3205 983 3271 etiam
1005 3206 1038 3271 id
1060 3207 1110 3272 cui
1132 3206 1204 3272 addi
1229 3217 1331 3294 potest

227 3319 343 3404 aliquid
367 3318 429 3383 sive
451 3318 584 3397 finitum,
601 3318 663 3383 sive
686 3318 852 3397 infinitum,
869 3318 1035 3383 dnmmodo
1052 3327 1152 3383 careat
1173 3319 1243 3384 fine.
1290 3320 1329 3385 Id

228 3430 327 3495 solum
343 3431 481 3517 sequitur
495 3453 531 3494 ex
553 3429 677 3494 notione
692 3429 901 3494 multitudinis
923 3429 1060 3510 infinitae,
1077 3429 1159 3515 qnod
1173 3454 1229 3516 per
1242 3431 1330 3496 addi·

227 3540 343 3605 tionem
356 3542 437 3606 finiti
458 3550 590 3627 nequeat
604 3541 669 3606 fieri
692 3541 796 3621 maior,
811 3551 848 3605 ut
870 3550 1111 3610 ostensumest:
1134 3543 1203 3608 ideo
1225 3551 1329 3609 antem

228 3652 335 3735 nequit
349 3652 415 3715 fieri
436 3653 532 3716 maior
546 3674 601 3736 per
622 3651 811 3717 additionem
824 3652 914 3731 finiti,
930 3652 1002 3738 qnia
1023 3653 1083 3717 iam
1099 3653 1237 3718 continet
1256 3653 1328 3717 infi-

226 3763 292 3827 nita
312 3772 344 3827 et
358 3786 421 3828 non
438 3774 539 3848 potest
561 3765 730 3829 mensurari
744 3787 798 3849 per
818 3765 1074 3850 comparationem
1091 3764 1132 3830 ad
1145 3766 1250 3830 finita:
1273 3766 1327 3830 sed

227 3875 299 3961 quia
325 3875 442 3940 ratione
465 3875 610 3960 simplicis
633 3876 796 3940 infinitatis
817 3897 880 3939 non
907 3876 1044 3940 continet
1067 3876 1171 3941 omnia
1195 3877 1326 3956 infinita,

225 3986 294 4050 ideo
309 3993 410 4070 potest
425 3987 530 4070 augeri
543 4009 598 4072 per
611 3986 798 4051 additionem
813 3986 936 4051 infiniti.

268 4101 322 4162 41.
347 4097 502 4174 Quaritur
523 4098 623 4178 tertio,
646 4109 744 4165 utram
763 4102 862 4184 poerit
883 4102 1007 4165 eciatcre
1035 4101 1151 4164 actuale
1178 4100 1326 4186 infinitum

224 4213 411 4277 carantonia.

265 4321 659 4408 Respondeo'affirmative
719 4322 760 4386 llt
787 4322 885 4407 primo
910 4322 988 4387 illnd
1017 4321 1140 4386 admitti
1169 4321 1260 4387 debet
1290 4331 1326 4386 ut
