3212 4986
289 337 331 398 22
769 357 811 402 nn
829 358 903 402 nno.
1061 323 1064 330 ’
1259 335 1347 418 [cnr.
1364 357 1389 401 1.

289 545 352 586 non
373 523 413 586 sit
426 546 502 602 ens;
525 533 571 589 est
586 525 668 588 enim
691 524 822 588 nihilum
838 524 896 590 sub
910 535 1059 610 conceptu
1081 525 1204 590 relativo
1219 531 1387 608 acceptum,

289 641 325 698 ut
339 633 456 700 dictum
471 636 566 700 estin
581 643 713 701 tractatu
728 636 765 702 de
780 637 885 721 primis
895 637 1053 721 principiis
1066 637 1109 718 (n.
1120 638 1228 700 21-29
1243 644 1274 700 et
1289 657 1321 698 ιι.
1333 637 1388 716 34)

289 756 321 810 et
341 747 438 832 magis
460 747 659 832 explicabitur
681 748 760 812 infra
779 749 839 832 (De
854 748 971 814 mundo
993 771 1024 812 n.
1040 747 1098 829 28)
1115 747 1234 831 agendo
1250 747 1287 811 de
1309 769 1389 811 crea-

290 859 384 923 tione.
432 859 465 924 Si
483 883 553 925 vero
568 861 733 926 Manichaei
753 860 810 926 hoc
829 869 952 926 tantum
967 861 1072 940 velint,
1087 870 1197 944 praeter
1211 860 1308 923 Deum
1328 859 1390 924 cxi-

243 973 246 982 “
292 978 370 1034 stere
385 971 462 1034 nihil
473 971 567 1052 aliud,
584 979 614 1034 et
630 970 714 1035 istud
734 972 811 1035 nitet
823 993 889 1036 esse
906 971 939 1035 id
953 993 989 1035 ex
1011 993 1073 1055 quo
1088 980 1243 1056 tamquam
1258 971 1390 1034 termino

291 1082 426 1146 mundus
441 1082 569 1148 eductus
584 1091 640 1162 est,
655 1091 686 1146 et
700 1083 817 1148 ratione
831 1083 924 1148 huius
938 1082 1109 1148 eductionis
1122 1105 1160 1146 ecc
1174 1083 1264 1146 nitito
1279 1105 1343 1146 esse
1358 1082 1391 1145 in

292 1194 437 1258 creaturis
457 1202 559 1258 actum
577 1196 644 1277 (seu
662 1194 890 1279 perfectionem)
915 1203 946 1259 et
964 1194 1132 1279 potentium
1151 1194 1216 1277 (seu
1239 1193 1390 1258 defectum

292 1305 496 1389 perfectionis)
514 1328 576 1369 non
592 1306 649 1370 erit
670 1305 759 1371 nobis
773 1305 856 1370 lucta
878 1305 1021 1370 adversus
1044 1328 1105 1370 eos.
1152 1306 1214 1400 ¹Sed
1233 1305 1291 1389 ipsi
1306 1305 1390 1389 prin-

291 1415 406 1499 cipium
432 1439 523 1480 suum
550 1416 663 1482 malum
690 1426 810 1501 ponunt
830 1420 957 1501 positive
981 1419 1123 1484 contere:
1146 1427 1178 1481 et
1200 1417 1259 1482 hoc
1280 1416 1392 1482 rationi

290 1549 414 1610 prorsus
429 1537 590 1612 repugnet.

335 1640 389 1703 28.
411 1638 476 1704 Bne
490 1662 508 1702 a
520 1662 552 1704 se
567 1647 613 1704 ert
628 1641 801 1705 ahsolutum.
846 1641 927 1706 Nam
944 1639 1084 1705 absoluto
1100 1640 1161 1705 duo
1176 1648 1393 1725 opponuntur:

291 1750 463 1828 relativum,
478 1759 509 1814 et
524 1750 777 1817 conditionatum.
822 1750 919 1836 Atqui
934 1773 989 1814 ens
1004 1773 1021 1815 a
1036 1773 1068 1816 sc
1082 1773 1146 1815 non
1160 1760 1208 1815 est
1222 1750 1392 1829 relativum,

292 1883 348 1925 nec
363 1861 615 1926 conditionatum.
660 1863 753 1946 Ergo.
799 1863 906 1928 Minor
927 1871 1010 1948 patet
1022 1888 1032 1940 ;
1054 1885 1126 1927 nam
1149 1861 1309 1927 relativum
1331 1884 1394 1926 non

292 1979 339 2036 est
353 1995 371 2036 a
383 1995 415 2036 se
429 1973 599 2051 relativum,
616 1973 669 2038 sed
684 1996 738 2057 per
752 1973 889 2051 aliud,.et
904 1973 942 2038 cb
958 1973 1010 2038 illo
1025 1973 1148 2058 pendet.
1194 1973 1274 2037 Item
1289 1972 1394 2038 condi-

293 2083 446 2149 tionatum
472 2085 585 2170 pendet
611 2107 628 2148 a
654 2084 839 2150 conditione.
884 2086 968 2170 Ergo
991 2107 1045 2150 ens
1068 2107 1086 2150 c
1110 2107 1151 2164 se,
1179 2093 1286 2170 utpote
1309 2084 1395 2150 inde·

293 2195 441 2279 pendens,
457 2196 551 2260 estin
566 2196 650 2259 omni
666 2219 758 2260 aenru
773 2218 828 2260 ens
843 2196 1028 2260 absolutum.

337 2310 390 2372 29.
414 2307 478 2371 Ens
503 2331 565 2371 ase
583 2316 629 2372 eat
648 2309 762 2392 inficite
776 2309 949 2394 perfectum.
996 2307 1125 2372 Constat
1147 2329 1184 2370 ex
1202 2329 1238 2371 eo
1253 2308 1336 2392 quod
1356 2308 1396 2372 sit

294 2419 449 2483 infinitum
473 2421 630 2484 entitative
651 2420 784 2504 ecquod
804 2421 844 2484 sit
868 2443 963 2505 purus
987 2413 1083 2484 actus.
1128 2419 1277 2484 Praeterea
1299 2443 1396 2504 quum

294 2551 348 2594 cns
374 2553 392 2594 a
417 2552 449 2593 se
474 2531 514 2593 sit
538 2531 723 2615 principium
746 2530 884 2593 omnium
909 2553 978 2615 quae
1004 2538 1077 2594 sunt
1099 2529 1144 2595 vel
1170 2552 1235 2593 esse
1256 2540 1396 2615 possunt,

294 2642 394 2706 omnis
417 2641 561 2724 perfectio
575 2663 644 2725 quoe
658 2651 705 2705 est
727 2650 758 2704 et
778 2663 846 2726 quoe
865 2663 931 2704 esee
945 2649 1046 2725 potest
1068 2641 1228 2725 procedere
1251 2641 1340 2706 debet
1360 2643 1398 2707 ab

295 2754 353 2817 hoc
376 2752 542 2837 principio:
572 2774 645 2836 ergo
671 2761 702 2816 et
731 2752 789 2816 hoc
819 2752 1004 2838 principium
1033 2775 1155 2816 omnem
1181 2753 1397 2837 perfectionem

295 2864 472 2950 possibilem
493 2865 526 2928 in
550 2887 582 2928 se
596 2864 690 2928 habet
712 2887 767 2948 per
788 2865 875 2950 prius
895 2872 925 2929 et
946 2864 1069 2930 meliore
1086 2864 1187 2944 modo,
1202 2866 1234 2931 id
1257 2875 1304 2929 est
1326 2868 1400 2930 emi·

295 2986 404 3040 nenter
433 2985 464 3040 et
494 2977 560 3040 sine
586 2977 718 3041 mixtura
747 2977 999 3062 imperfectionis.
1048 2977 1131 3042 Hinc
1160 3001 1215 3044 ens
1245 3001 1262 3042 a
1292 3003 1324 3043 se
1353 2990 1400 3044 est

297 3109 416 3151 summe
445 3088 633 3172 intelligens,
660 3111 779 3154 summe
810 3097 1103 3169 sanctumssumme
1131 3091 1257 3169 iustum,
1281 3113 1400 3155 summe

295 3207 414 3283 potens,
430 3210 487 3263 etc.

340 3312 392 3374 30.
416 3311 480 3374 Ens
496 3334 513 3374 a
529 3333 560 3374 se
571 3320 617 3375 est
632 3313 887 3396 simplicissimum.
925 3313 966 3376 Et
977 3313 1076 3397 primo
1087 3321 1167 3377 caret
1182 3313 1400 3398 compositione

290 3424 425 3506 physica,
450 3445 503 3486 scu
527 3432 573 3486 est
597 3446 694 3508 purus
720 3425 865 3508 spiritus:
889 3447 960 3488 nam
988 3425 1013 3488 si
1037 3424 1206 3488 contineret
1232 3424 1399 3502 materiam,

295 3534 465 3598 contineret
480 3536 649 3618 potentiam
673 3545 704 3600 et
724 3535 972 3599 mutabilitatem.
1020 3535 1161 3600 Secundo
1181 3545 1261 3599 caret
1278 3557 1399 3620 compo-

296 3646 406 3709 sitione
431 3647 641 3729 metaphysica,
666 3668 734 3730 quae
760 3669 879 3731 semper
904 3647 1058 3710 reducitur
1088 3647 1127 3710 ad
1150 3646 1399 3730 compositionem

296 3766 383 3820 actus
398 3766 428 3820 et
443 3758 609 3842 potentiae3
633 3766 663 3822 et
678 3767 765 3842 patet
785 3781 821 3822 ex
837 3758 936 3831 dietis,
952 3757 1054 3822 Deum
1070 3779 1136 3821 esse
1151 3778 1262 3841 purum
1286 3767 1400 3823 actum.

297 3869 399 3932 Tertio
411 3879 492 3933 caret
508 3869 728 3954 compositione
744 3871 847 3954 topica,
860 3869 958 3955 qualis
970 3881 1016 3933 est
1031 3869 1151 3952 generis
1166 3879 1196 3934 et
1212 3869 1399 3934 differentiae.

298 3980 386 4043 Nihil
412 3981 493 4044 enim
518 3988 564 4044 est
586 3981 619 4044 in
637 3980 705 4045 Deo
728 3980 812 4064 qnod
834 3981 931 4064 possit
954 3980 1122 4044 secundnm
1145 4001 1231 4044 snam
1253 3980 1400 4044 rationem

296 4090 425 4154 inveniri
445 4093 478 4154 in
505 4091 610 4155 multis
632 4100 663 4155 et
687 4099 771 4155 extra
791 4092 903 4176 ipsum.
948 4092 1073 4175 Proprie
1096 4099 1197 4154 autem
1221 4091 1402 4174 compositio

297 4225 373 4288 pure
387 4203 487 4286 logica
508 4225 571 4266 non
586 4202 679 4267 estin
702 4202 831 4280 obiecto,
848 4203 901 4266 scd
916 4204 949 4266 in
971 4212 1074 4266 mente
1089 4202 1155 4266 eius
1170 4203 1224 4287 qui
1244 4203 1401 4287 componit

299 4325 464 4398 conceptus
480 4338 550 4378 suos
566 4315 746 4399 praecisivos
791 4314 869 4378 Vide
885 4314 976 4379 ctiam
994 4315 1025 4380 S.
1042 4297 1201 4392 Thomam,
1217 4336 1248 4397 p.
1263 4315 1292 4376 l.
1305 4335 1335 4398 q.
1348 4316 1380 4377 3.
