3212 4986
788 349 856 424 viii

274 543 382 618 fund.
408 543 474 619 lib.
504 545 583 619 viii.
610 570 691 644 cap.
716 545 769 645 2),
808 547 874 622 sed
909 548 1038 636 etiarn,
1071 548 1162 646 quia
1197 549 1378 625 videbam

273 667 476 766 plerosque
498 674 675 745 auctores
699 695 722 745 a
744 672 851 747 falsis
871 676 940 747 aut
958 672 1161 771 aequivocis
1186 674 1378 750 definitio-

274 791 388 866 nibus
412 795 665 884 exordientes,
685 820 726 870 re
749 795 815 870 vix
835 796 973 872 leviter
1003 799 1185 886 discussa,
1213 799 1263 872 ad
1289 824 1379 876 suas

272 919 536 995 conclusiones
552 945 786 1020 properasse,
801 925 852 1009 et,
868 923 979 1019 quasi
996 921 1108 998 finita
1125 926 1225 999 esset
1245 948 1376 1014 causa,

272 1066 426 1118 omnem
439 1047 725 1121 contradicendi
737 1049 970 1146 potestatam
980 1047 1149 1122 ablatam
1166 1049 1376 1136 censuisse,

271 1168 390 1243 immo
407 1171 697 1246 mathematicos
717 1171 798 1269 (qui
815 1172 944 1271 plures
962 1171 1113 1245 ordines
1131 1172 1378 1246 infinitorum

272 1294 500 1392 admittunt)
525 1299 726 1394 tamquam
754 1296 836 1371 risu
863 1300 932 1372 aut
966 1297 1211 1372 miseratione
1240 1298 1378 1396 dignor

238 1419 497 1518 despexisse.
561 1423 645 1495 Hos
668 1422 789 1520 igitur
817 1422 1041 1497 refutandos
1076 1423 1183 1512 duxi,
1213 1423 1262 1497 ab
1292 1424 1378 1521 ipsa

271 1543 494 1618 definitione
520 1545 664 1618 infiniti
694 1546 702 1562 ⁶
736 1545 849 1620 'tium
877 1545 1150 1644 disputationis
1186 1547 1374 1637 ducendo,

268 1671 314 1742 ut
340 1661 581 1751 ostenderem
603 1670 860 1768 multiplicem
876 1670 1022 1744 infiniti
1039 1671 1230 1745 rationem
1256 1696 1279 1746 a
1296 1697 1376 1748 ma-

268 1793 488 1867 thematicis
526 1794 738 1868 rectissime
775 1794 942 1882 admitti,
975 1798 1015 1868 et
1051 1796 1197 1869 frustra
1231 1797 1377 1871 assumi

269 1921 404 1992 contra
420 1943 484 1993 eos
500 1923 701 2017 tamquam
716 1920 945 1994 inconcussa
962 1920 1156 1994 axiomata
1173 1921 1257 1995 haeo
1276 1921 1374 1996 duo:

270 2043 469 2140 Iafiaattcmr
494 2047 625 2140 nequit
642 2047 786 2139 nuperi,
805 2047 844 2118 et
876 2045 993 2118 Omne
1018 2043 1209 2140 hrficitma
1235 2051 1293 2119 est
1318 2049 1377 2119 ia-

260 2168 411 2266 flcities
437 2168 638 2266 infinitam,
666 2173 735 2244 aut
757 2171 899 2243 horum
924 2169 1077 2244 similia.
1143 2171 1195 2244 Et
1220 2171 1305 2247 haro
1328 2174 1378 2248 ad

270 2296 590 2371 commonendum
607 2296 789 2370 lectorem
808 2295 900 2370 satis
918 2296 968 2369 sit
988 2295 1185 2369 delibasse.

320 2426 497 2524 Apposui
510 2426 558 2499 ad
577 2426 724 2500 calcem
741 2424 951 2501 voluminis
963 2423 1178 2498 additiones
1190 2427 1377 2522 quasdam

269 2559 309 2628 et
323 2555 578 2628 correctiones
588 2555 713 2654 primo
727 2558 766 2628 et
781 2553 949 2628 secundo
959 2552 1149 2626 volumini
1162 2552 1373 2644 faciendas3

267 2682 420 2753 tantam
437 2679 541 2752 enirn
559 2679 742 2753 debemus
760 2677 1016 2753 reverentiam
1032 2675 1199 2765 veritati,
1222 2682 1268 2752 ut
1294 2704 1375 2754 non

270 2803 320 2878 sit
337 2803 448 2877 nobis
461 2803 659 2902 integrum
677 2825 765 2900 quae
782 2826 862 2876 non
879 2805 984 2875 recte
1008 2800 1176 2874 diximus
1195 2802 1373 2879 dissimu-

269 2934 361 3021 lare,
376 2938 415 3008 et
433 2959 517 3033 quae
534 2933 676 3008 rectius
691 2933 832 3031 exponi
841 2954 952 3030 posse
964 2930 1282 3028 deprehendimus
1294 2957 1375 3008 non

270 3061 415 3134 rectius
433 3083 635 3159 exponere.
688 3057 834 3133 Addidi
860 3056 1025 3152 donique
1049 3055 1225 3130 Iudicem
1243 3081 1375 3154 quem-

270 3186 358 3260 dam
386 3184 648 3282 ontologicum
667 3183 717 3258 ad
741 3182 901 3258 modum
925 3179 1016 3255 novi
1040 3183 1230 3254 tractatus
1255 3188 1373 3257 meta-

202 3367 208 3378 ·
263 3318 461 3413 physicum
485 3318 701 3410 pecoralem
718 3309 959 3386 exhibentis:
992 3332 1108 3405 quem
1124 3308 1375 3409 philosophiae

271 3441 433 3514 studiosi
452 3443 637 3539 poterunt
655 3462 746 3512 curn
762 3437 895 3510 fructu
913 3433 1121 3519 consulere,
1140 3433 1190 3506 ad
1212 3435 1373 3510 redden·

271 3567 360 3642 dam
373 3564 446 3639 sibi
463 3566 653 3640 rationem
674 3564 720 3637 de
737 3585 843 3634 nexu
860 3563 899 3633 et
917 3558 1050 3632 ordine
1067 3582 1207 3646 rerum,
1224 3560 1271 3632 de
1290 3562 1373 3657 qui-

270 3692 342 3764 bus
370 3690 532 3789 sparsim
555 3687 815 3772 tractavimus,
838 3707 918 3757 non
942 3683 1071 3756 minus
1098 3707 1217 3781 quam
1240 3686 1290 3760 ad
1316 3691 1375 3761 to-

270 3818 349 3892 tius
385 3814 552 3889 scientiae
590 3810 789 3910 principia,
825 3809 1038 3882 secundum
1076 3807 1374 3905 dependentiam

269 3948 460 4028 mutuam,
478 3937 716 4012 rationaliter
733 3932 954 4007 ordinanda.

1213 4061 1246 4132 I.
1276 4062 1321 4136 B:
