3222 4984
404 1095 668 1170 ADDENDA
693 1097 758 1170 En
783 1097 1140 1174 EMENDANDA.

262 1545 297 1599 Ut
308 1545 349 1598 hee
360 1544 437 1599 reale
443 1545 612 1616 philosophice
623 1546 794 1600 imitationes
807 1547 927 1600 tutiorem
939 1565 1015 1600 muns
1026 1547 1119 1601 laben
1125 1546 1236 1616 possim,
1249 1563 1322 1599 mea-

223 1634 323 1704 olorum,
336 1651 393 1704 quce
410 1634 477 1687 miti
491 1634 519 1688 ia
531 1634 622 1704 primo
636 1640 661 1688 et
676 1635 784 1687 secuodo
801 1635 930 1689 volumine
941 1653 1002 1705 prce
1013 1634 1183 1707 festinatione
1197 1633 1326 1686 scatendi

221 1719 342 1772 excidisse
358 1719 478 1789 comperi,
492 1720 673 1773 correctionem
688 1719 731 1773 tic
748 1720 950 1790 euliuaqeadom
968 1721 1040 1788 desei,
1048 1720 1142 1790 pouces
1161 1719 1265 1786 adddit,
1278 1718 1324 1772 uti

220 1805 282 1858 ostile
296 1805 379 1860 mium
395 1811 439 1873 eet,
452 1807 543 1859 adres
559 1807 685 1876 quosdam
702 1806 793 1858 niellus
808 1807 983 1860 doohrandns.
1026 1807 1085 1867 Qua
1098 1805 1235 1874 occasione,
1247 1811 1322 1875 typo·

116 1936 120 1942 .
218 1891 346 1962 yropls'co
356 1892 435 1946 άίαηι
446 1893 548 1959 mendo,
561 1891 822 1962 etsipouooetloosb,
835 1893 949 1945 mtoadu
961 1891 1116 1946 mecoenate.

564 2081 607 2136 IN
624 2082 748 2136 PRIMO
765 2082 976 2137 VOLUMINE.

254 2200 290 2252 Ia
297 2199 462 2271 profetiam,
470 2219 533 2271 puy.
547 2219 573 2256 x.
587 2201 630 2254 lira
645 2202 670 2255 8.
688 2219 743 2256 non
755 2219 819 2272 ergo
830 2202 932 2272 corripe
942 2219 997 2256 non
1009 2219 1066 2274 ego.

254 2286 319 2355 Pop.
332 2287 411 2340 8.ls'n.
424 2286 470 2340 ult.
490 2304 576 2340 errare
588 2286 705 2355 videtur,
718 2292 750 2340 ut
767 2305 802 2342 ex
814 2287 884 2342 infra
901 2287 1023 2342 dicendis
1037 2285 1183 2359 apparebit
1215 2286 1322 2356 Combe

218 2377 248 2424 ot
256 2372 384 2442 sepulture
402 2389 489 2426 errare
497 2372 617 2426 videtur:
648 2372 721 2426 Nam
733 2373 762 2426 1⁰
774 2390 854 2426 omne
866 2373 938 2443 quod
949 2390 966 2427 a
977 2373 1035 2427 Deo
1048 2378 1159 2442 creatur,
1172 2372 1321 2428 necessario

218 2461 313 2528 aptum
333 2461 374 2512 est
393 2457 427 2514 de
449 2474 477 2511 se
499 2457 533 2512 ad
550 2457 775 2530 manifestandam
792 2457 844 2512 Dei
861 2458 1061 2530 perfectionem,
1075 2462 1107 2513 ut
1124 2458 1275 2514 ostenditur
1291 2458 1321 2512 in

217 2542 387 2614 cosmologia
424 2543 513 2614 Atqui
524 2543 559 2599 ad
575 2543 800 2598 manifestandam
812 2544 864 2598 Dei
880 2544 1072 2616 perfectionem
1088 2545 1234 2616 requiritur
1251 2545 1320 2600 acti-

216 2627 302 2698 vitss3
329 2630 394 2701 quia
410 2629 582 2684 manifestere
607 2633 650 2683 est
675 2646 760 2701 agere.
810 2629 884 2701 Ergo
912 2631 999 2684 omnia
1017 2635 1139 2686 creatura
1154 2629 1238 2684 habet
1261 2630 1320 2686 vim

216 2716 351 2785 activam
369 2733 433 2788 ergo
456 2716 540 2770 etiam
557 2714 708 2771 substantia
724 2716 879 2770 materialis
927 2717 957 2770 2ο
976 2717 1085 2771 Bonum
1102 2722 1145 2771 est
1160 2717 1320 2772 naturaliter

217 2803 376 2858 diffusivum
394 2804 444 2858 sui.
480 2803 569 2875 Atqui
589 2808 666 2858 scura
685 2803 872 2858 substantialis
892 2807 934 2858 est
954 2803 1064 2874 aliquod
1082 2803 1199 2872 bonum,
1218 2803 1319 2858 bonum

217 2889 291 2942 enim
302 2894 345 2944 est
355 2907 429 2959 esse,
448 2907 511 2961 ergo
523 2893 566 2943 est
580 2889 723 2945 diffusivus
736 2890 786 2958 sui,
800 2895 829 2944 et
846 2889 964 2944 denoto
976 2889 1150 2957 diffundetur,
1162 2889 1186 2944 si
1197 2889 1320 2944 inveniat

217 2975 364 3030 terminum
383 2975 560 3047 potentialem
580 2976 623 3028 sui
644 2977 820 3048 receptivum.
856 2977 917 3030 Hoc
937 2982 1029 3030 autem
1050 2981 1092 3030 est
1111 2993 1168 3030 esse
1189 2975 1316 3030 activum

215 3061 289 3133 Ergo
307 3060 395 3115 omnis
406 3060 557 3115 substantia
573 3066 615 3115 est
626 3061 730 3131 activa,
749 3067 853 3132 ergoet
868 3079 985 3134 corpora
1022 3063 1052 3114 3⁰
1063 3061 1122 3116 Ens
1134 3066 1163 3116 et
1178 3061 1318 3132 cognosci-

214 3148 270 3204 bile
281 3153 482 3204 convertuntur.
519 3147 574 3202 Sed
587 3166 667 3202 omne
679 3149 859 3220 cognoscibile
871 3154 913 3204 est
928 3149 1057 3218 antimum,
1069 3148 1133 3222 quia
1143 3148 1214 3204 nihil
1230 3153 1272 3204 est
1283 3149 1317 3203 de

214 3251 243 3289 se
264 3233 451 3308 cognoscibile,
470 3233 524 3288 nisi
545 3234 609 3306 quia
628 3240 719 3307 potest
737 3235 890 3308 imprimere
911 3235 1029 3308 speciem
1046 3235 1103 3290 sui:
1122 3235 1175 3290 hoc
1190 3252 1256 3290 vero
1276 3241 1318 3290 est

213 3340 299 3395 agere.
336 3323 410 3395 Ergo
422 3339 501 3376 omne
513 3339 561 3376 ens
572 3321 656 3376 habet
664 3321 721 3377 vim
733 3321 866 3389 activam
884 3339 948 3394 ergo
960 3327 989 3376 et
999 3321 1150 3378 substantia
1160 3321 1316 3377 materialis.

213 3409 303 3474 Quare
315 3427 347 3464 eo
358 3409 417 3481 ipso
429 3409 501 3480 quod
517 3408 619 3464 scimus
630 3407 810 3462 substantiam
824 3407 993 3463 materialem
1004 3408 1129 3477 existere,
1141 3409 1240 3463 scimus
1256 3426 1317 3464 eam

212 3495 310 3550 habere
323 3513 400 3548 suam
412 3495 548 3566 propriam
560 3493 743 3549 activitmem:
762 3499 791 3548 et
802 3493 992 3566 argumentum
1002 3494 1092 3566 ipsum
1104 3493 1137 3548 ab
1150 3494 1317 3566 experientia

212 3577 367 3650 deductum,
380 3597 433 3651 quo
445 3580 554 3634 Balmes
571 3579 667 3649 utitur,
680 3580 802 3635 continet
812 3579 945 3652 implicite
961 3579 1217 3636 demonstrationem
1228 3585 1315 3634 meta-

211 3666 359 3738 physicam.
395 3667 425 3720 4⁰
438 3665 534 3721 Omnis
546 3671 623 3721 actius
634 3666 721 3738 primo
734 3671 763 3720 et
773 3666 987 3721 substantialiter
998 3665 1157 3720 terminatus
1169 3665 1223 3721 dici
1235 3665 1316 3722 debet

211 3753 329 3808 seeundo
341 3757 369 3806 et
381 3751 583 3808 accidentaliter
589 3752 775 3807 terminabilis.
810 3753 883 3824 Ergo
896 3751 982 3806 omnis
995 3751 1146 3806 substantia
1158 3755 1199 3805 e'st
1210 3751 1313 3820 activa;

211 3855 275 3910 ergo
288 3843 317 3892 et
332 3855 447 3910 corpore.
484 3838 564 3893 Prob.
578 3843 632 3892 ant.
669 3837 741 3893 Nam
757 3839 845 3911 prima
860 3837 1016 3892 terminatio
1028 3844 1103 3893 actus
1121 3838 1157 3895 cd
1168 3855 1247 3894 suum
1258 3845 1314 3893 ter-

211 3925 318 3979 minum
337 3925 386 3979 det
399 3923 452 3996 ipsi
472 3924 588 3978 termino
604 3942 660 3979 non
679 3925 848 3979 solum-esse
867 3925 1014 3978 terminum
1031 3923 1225 3997 completivum
1249 3925 1314 3979 sub-

210 4011 328 4079 stantiae,
340 4010 388 4065 sed
399 4010 483 4064 etiam
494 4028 551 4068 esse
562 4011 669 4065 uberim
681 4012 874 4067 terminatorum
885 4016 961 4066 actus
973 4010 1162 4066 accidentalis:
1182 4011 1229 4066 dat
1240 4012 1313 4066 enim

209 4097 252 4152 illi
264 4114 322 4152 esse
339 4097 489 4169 potentiam
500 4097 600 4152 realem
616 4097 758 4169 passivam.
794 4096 910 4152 Necesse
928 4101 971 4152 est
980 4096 1074 4168 igitur,
1086 4102 1120 4151 ut
1137 4097 1219 4152 etiarn
1236 4103 1314 4152 actsrs

209 4185 258 4240 illo
278 4184 395 4245 barmim
414 4183 576 4239 terminatus
594 4201 649 4238 non
669 4185 758 4239 solum
778 4185 944 4257 compleatur
961 4184 990 4238 in
1011 4202 1068 4238 esse
1086 4185 1253 4250 substantiae,
1266 4185 1315 4240 sed

209 4270 293 4324 etiam
310 4270 347 4326 sit
362 4270 469 4324 write
486 4270 665 4337 terminobclr'a,
678 4287 725 4324 seu
744 4270 896 4325 actuativus
912 4274 989 4325 actus
1008 4270 1189 4328 accidentalis.
1226 4271 1315 4328 Omne

210 4355 283 4409 enim
294 4355 368 4428 quod
380 4373 427 4428 per
439 4372 468 4410 se
479 4355 585 4429 passive
594 4355 694 4412 dicitnr
702 4356 736 4410 de
748 4355 865 4410 termino
876 4353 1055 4424 substantiali,
1066 4355 1121 4411 dici
1133 4355 1214 4413 debet
1225 4357 1314 4414 active

1084 4455 1142 4515 na
