3240 4986
244 398 317 444 css.
333 379 404 463 nn]
702 401 892 452 nuuuuno.
1284 383 1348 446 11⁷

242 562 310 648 ugo
327 585 397 628 vero
418 563 588 647 potentium
608 563 841 630 obedientidem
861 565 900 631 ed
918 564 1044 652 aliquid,
1059 563 1143 651 quod
1165 563 1344 630 substantie

242 674 320 740 vires
342 673 475 753 excedet,
491 696 599 740 censeo
614 698 679 741 csse
701 678 893 762 negendam
917 678 989 763 quie
1003 686 1140 742 creatura
1158 676 1261 742 obedit
1276 677 1344 742 Deo

242 785 411 850 secundum
432 807 498 850 esse
519 787 603 872 quod
625 796 694 851 actu
713 786 816 868 habet,
831 796 862 852 et
882 790 936 853 doc
949 811 1010 852 ecce
1030 787 1161 853 includit
1175 789 1253 853 vires
1273 811 1344 852 suas

241 896 436 981 proprisset
457 896 557 962 nullas
577 896 661 962 alias.
706 897 823 963 Poterit
840 921 913 984 ergo
932 899 1056 964 obedire
1073 899 1240 964 secundum
1258 920 1343 964 exer·
1455 935 1457 938 ·

241 1007 348 1072 citium
368 1032 487 1074 cuorum
506 1009 628 1090 virium,
644 1008 697 1074 sed
717 1032 779 1074 non
802 1010 914 1095 poterit
936 1009 1058 1075 obedire
1080 1010 1245 1076 exercendo
1264 1011 1343 1076 vires

241 1142 317 1204 ques
339 1120 520 1185 nonhabet
567 1120 687 1186 sivero
710 1121 802 1201 dices,
819 1122 921 1186 Deum
942 1144 1033 1207 posse
1056 1122 1128 1188 dore
1149 1145 1242 1188 novas
1265 1123 1342 1188 vires

240 1232 361 1311 activos,
377 1255 435 1296 noo
450 1241 561 1297 mutato
576 1254 636 1297 eece
648 1213 839 1298 mcbstontioli
856 1243 1005 1312 centum,
1020 1233 1139 1317 negabo
1153 1233 1211 1297 hoc
1225 1255 1343 1297 essum-

239 1353 349 1428 ptum3
378 1344 452 1430 quie
476 1344 562 1409 Deus
590 1366 653 1409 non
681 1345 754 1409 fecit
777 1344 1019 1410 contradictoria.
1064 1342 1343 1409 Contradictorium

239 1457 321 1520 enim
337 1465 382 1521 est
398 1478 509 1541 ponere
523 1456 584 1521 vim
603 1456 742 1535 activam,
758 1479 826 1540 quae
841 1477 903 1520 nou
924 1456 965 1520 sit
981 1463 1068 1520 ectus
1083 1455 1292 1521 substantiolis
1307 1465 1342 1521 ut

240 1566 369 1632 ulterius
383 1567 594 1646 terminabilis,
610 1590 708 1653 quum
722 1567 844 1632 nullum
858 1566 998 1632 occidens
1013 1567 1053 1631 sit
1068 1568 1165 1632 virtus
1179 1567 1285 1632 sctive.

282 1680 333 1744 Ad
347 1681 421 1759 haec,
433 1681 570 1765 exemplo
582 1679 714 1746 edductc
728 1702 824 1766 equae,
834 1679 924 1765 ignis,
934 1689 992 1746 etc.
1005 1680 1083 1747 nihil
1097 1681 1246 1766 probent,
1269 1680 1342 1766 quie

239 1790 324 1856 nulla
335 1802 381 1856 est
392 1792 515 1877 parites.
548 1791 630 1856 Nem
645 1792 765 1857 etiamsi
775 1815 863 1877 eque,
872 1791 965 1877 ignis,
974 1803 1031 1857 etc.
1043 1792 1168 1878 physice
1182 1801 1342 1858 censerent

240 1899 391 1988 perillum
407 1902 615 1983 elevationem,
627 1926 746 1988 semper
760 1911 863 1968 temen
878 1910 1038 1968 censerent
1052 1902 1177 1988 aliquod
1191 1902 1341 1983 accidens,

240 2013 333 2078 idest
347 2013 488 2080 effectum
503 2014 536 2078 in
550 2014 632 2079 lines
646 2014 726 2078 entis
739 2014 859 2078 infinite
874 2014 1016 2078 distantis
1030 2013 1069 2078 eb
1083 2014 1210 2079 entitote
1225 2037 1341 2080 ceusaer

240 2135 345 2190 contra
360 2125 385 2190 si
400 2135 535 2192 creatura
551 2127 718 2191 elevaretur
732 2125 771 2190 ed
785 2125 845 2190 vim
862 2125 993 2205 creandi,
1003 2124 1129 2190 effectus
1143 2135 1223 2190 esset
1237 2125 1270 2190 in
1286 2148 1341 2190 suc

239 2237 328 2318 lines,
344 2237 437 2305 idest
454 2238 641 2303 substantie:
665 2237 749 2324 quod
762 2237 827 2301 fieri
843 2236 959 2323 nequit,
975 2245 1010 2301 ut
1025 2244 1182 2302 ostensum
1196 2245 1253 2301 est.

677 2597 817 2662 CAPUT
839 2598 903 2663 111.

372 2785 423 2839 DE
440 2785 540 2856 FINE,
559 2785 827 2842 PERFEOTIONE
844 2785 892 2841 ΕΤ
910 2784 1056 2840 ORDINE
1074 2784 1210 2840 MUNDI.

282 2935 336 2996 41.
358 2931 429 2996 Tria
447 2932 521 3012 haec,
536 2932 639 3012 finem,
654 2933 872 3018 perfectionem
887 2942 918 2998 et
939 2933 1077 2997 ordinem
1093 2931 1200 2997 mundi
1214 2932 1340 3016 eiusque

238 3043 355 3107 ordinis
375 3043 582 3122 stabilitatem,
598 3043 656 3108 hoc
670 3045 768 3130 capite
789 3044 1037 3123 examinabimur,
1054 3044 1126 3129 quie
1140 3066 1238 3107 unum
1253 3043 1340 3108 alteri

237 3155 439 3234 connectitur,
455 3164 486 3219 et
501 3178 598 3220 uuum
614 3178 650 3220 ex
664 3156 723 3220 elio
738 3155 908 3221 deducitur.
953 3154 1003 3219 De
1016 3155 1124 3219 multis
1139 3164 1242 3219 eutem
1257 3178 1339 3239 quae-

237 3265 398 3346 stionibus,
413 3289 482 3352 quae
496 3268 576 3332 circa
590 3268 654 3332 haec
670 3267 734 3331 fleri
748 3276 889 3352 possunt,
905 3290 967 3331 nou
982 3267 1042 3331 nisi
1064 3266 1232 3352 praecipuos
1247 3267 1340 3330 attin-

237 3398 355 3459 gemus,
371 3398 407 3442 ex
428 3377 541 3462 quibus
561 3378 686 3463 reliquae
699 3378 762 3442 fere
781 3377 964 3462 dependent,
980 3377 1027 3442 vel
1046 3379 1079 3441 in
1102 3377 1214 3463 quibus
1229 3379 1339 3443 veritas

237 3486 421 3553 adversarios
435 3489 556 3574 reperit,
572 3513 591 3553 a
604 3488 718 3575 quibus
732 3489 914 3554 vindicando
929 3499 986 3554 est.

617 3731 802 3778 surrectus
819 3731 954 3775 neruus.

665 3862 714 3925 Dc
720 3859 786 3943 fine
799 3859 910 3923 muudi.

277 4009 332 4071 42.
364 4006 519 4085 Quaeritur
548 4029 620 4091 ergo
649 4005 758 4091 primo,
789 4013 887 4069 utrum
917 4004 999 4068 Dece
1028 4003 1069 4067 od
1094 4003 1220 4088 chonon
1246 4000 1338 4086 ficem

233 4119 370 4184 mundum
385 4119 537 4183 creaverit.

277 4229 458 4314 Respondec
474 4228 661 4292 affirmative.
694 4227 775 4292 Nam
791 4237 821 4290 et
833 4226 920 4290 Deus
934 4225 967 4289 in
983 4223 1113 4290 creando
1127 4223 1236 4288 habuit
1246 4246 1338 4288 suum

231 4340 335 4421 finem,
345 4341 400 4425 qui
416 4339 529 4405 dicitur
536 4340 611 4424 finis
622 4341 779 4424 operantis,
791 4353 822 4404 et
839 4337 973 4404 mundus
982 4334 1074 4401 hebet
1085 4335 1179 4399 finem
1194 4333 1233 4400 cd
1245 4357 1338 4420 quom
