3222 4984
277 344 342 408 218
712 362 755 406 na
773 361 937 407 rurrruro.
1237 339 1324 424 [car.
1341 359 1380 403 11.

278 528 389 616 speciei
410 537 442 594 et
462 527 586 594 alterius
603 527 729 594 ordinis.
773 528 856 593 Nam
874 527 1006 593 habetur
1020 526 1140 592 infinita
1155 527 1338 612 superficies,
1354 526 1380 591 si

277 640 425 706 habeatur
439 640 600 726 longitudo
614 640 736 706 infinita
750 663 821 705 cum
835 640 921 705 finita
936 639 1120 705 latitudine:
1143 640 1197 705 sed
1211 639 1238 704 si
1247 639 1379 704 latitudo

278 749 330 814 illa
351 751 439 816 finita
460 751 649 836 concipiatur
670 749 736 816 fieri
757 751 889 830 infinita,
913 750 1079 834 disparebit
1100 749 1188 814 limes
1209 749 1293 814 illius
1303 775 1314 828 3
1347 759 1379 813 et

278 859 435 944 disparitio
449 860 520 926 novi
535 859 644 926 limitis
657 860 711 925 dat
726 882 836 925 novam
851 860 981 944 speciem
1000 860 1124 925 infiniti.
1169 860 1380 925 Latitudinem

277 980 381 1036 autem
410 993 447 1036 ex
471 971 559 1036 finita
586 971 653 1036 fieri
680 971 833 1036 infinitam
861 971 944 1036 idem
973 979 1029 1051 est,
1054 971 1222 1036 secundum
1252 972 1378 1036 modum

277 1083 424 1168 loquendi
443 1083 704 1162 mathematicum,
723 1105 757 1148 ac
778 1082 903 1148 finitum
923 1083 1120 1168 multiplicari
1139 1106 1193 1168 per
1211 1083 1379 1163 infinitum,

277 1194 348 1260 licet
374 1216 431 1280 pro
455 1195 645 1281 philosophis
664 1195 746 1260 idam
767 1194 807 1260 sit
827 1217 863 1260 ac
883 1194 1011 1280 simplex
1030 1195 1154 1278 negatio
1175 1195 1292 1260 limitis.
1336 1196 1379 1260 Et

278 1306 351 1392 quia
375 1306 409 1372 in
432 1307 628 1392 exprimendo
651 1306 751 1372 valore
777 1307 946 1392 superficiei
970 1305 1133 1390 longitudo
1157 1306 1380 1391 multiplicatur

277 1440 332 1503 per
346 1418 551 1498 latitudinem,
562 1418 631 1484 ideo
645 1418 745 1504 posita
759 1426 889 1503 utraque
903 1418 1033 1498 infinita,
1045 1417 1209 1483 habebitur
1222 1417 1380 1482 infinitum

278 1530 517 1615 multiplicatum
536 1553 590 1616 per
607 1531 766 1596 inlinitum
787 1537 824 1594 ut
842 1537 1062 1614 repraesentans
1077 1529 1268 1615 superficiem
1282 1530 1380 1594 resul-

278 1648 416 1707 tantem:
439 1664 508 1726 quae
529 1641 655 1706 dicetur
682 1641 839 1706 infinitum
866 1641 990 1706 diversae
1015 1641 1125 1726 speciei
1150 1663 1168 1706 a
1192 1642 1382 1727 precedente

279 1760 404 1836 propter
417 1773 530 1818 novum
545 1752 676 1818 limitem
691 1763 848 1838 negatum,
861 1761 897 1817 ut
912 1752 1105 1818 dictumest:
1127 1753 1380 1818 amathematicis

279 1885 350 1928 vero
365 1863 483 1928 dicetur
497 1864 654 1928 infinitum
670 1864 781 1929 diversi
794 1865 910 1929 ordinis
920 1873 1045 1950 propter
1054 1864 1203 1929 diversam
1211 1866 1380 1950 potentiam

279 1974 462 2059 algebricam
477 1975 517 2040 ad
531 1998 625 2061 quam
638 1976 773 2041 elevatur
787 1975 942 2061 quantitas
957 1975 1079 2040 linearis
1094 1976 1223 2040 infinita.

322 2090 375 2152 29.
401 2086 556 2165 Quaeritur
581 2088 699 2173 quinto,
714 2097 813 2152 utrum
836 2088 983 2172 quodlibet
1007 2087 1156 2172 infinitam
1178 2088 1219 2152 stt
1241 2087 1382 2172 infinities

278 2200 437 2285 infinitum.

324 2312 507 2398 Respondeo
529 2312 688 2396 negative:
711 2311 744 2376 in
767 2334 829 2396 quo
855 2334 873 2376 a
898 2310 1039 2396 pluribus
1062 2311 1220 2390 dissentio,
1244 2310 1299 2396 qui
1323 2311 1382 2375 hoc

281 2423 372 2488 modo
387 2432 663 2508 argumentantur:
687 2422 860 2487 Multitudo
874 2422 996 2487 infinita
1010 2421 1147 2487 continet
1160 2423 1298 2486 infinitas
1313 2422 1382 2487 uni-

281 2543 369 2614 tates,
384 2534 506 2599 infinita
524 2533 652 2614 binaria,
670 2533 792 2599 infinita
808 2533 960 2598 ternaria.
975 2533 1138 2597 ..infinita
1154 2533 1333 2614 millenaria,
1352 2541 1383 2597 et

282 2645 325 2710 sic
341 2667 459 2731 semper
474 2645 601 2711 ulterius
617 2645 650 2709 in
672 2645 837 2710 infinitum.
885 2645 918 2709 Si
936 2643 1029 2724 enim,
1044 2644 1200 2730 inquiunt,
1215 2645 1382 2710 multitudo

281 2757 334 2822 illa
354 2780 418 2822 non
439 2758 609 2822 contineret
628 2757 689 2822 nisi
707 2757 795 2821 finita
816 2757 942 2836 binaria,
964 2757 1096 2821 ternaria
1108 2803 1205 2823 .....
1216 2757 1384 2822 millenaria

282 2877 351 2948 etc,
366 2890 430 2932 non
445 2880 524 2934 esset
538 2869 676 2955 profecto
690 2869 812 2934 infinita
820 2894 831 2948 3
852 2890 924 2932 nam
941 2868 967 2932 ri
981 2891 1018 2932 ex
1032 2868 1119 2933 finito
1137 2890 1266 2934 numero
1287 2869 1383 2934 mille·

282 2981 448 3059 uariorum,
473 2980 521 3044 vel
550 2980 677 3046 aliorum
708 3002 971 3065 quorumcumque
999 3002 1197 3061 numerorum
1225 2979 1382 3046 finitorum

283 3090 443 3155 resultaret
472 3091 637 3169 infinitum,
667 3091 825 3156 infinitum
853 3093 939 3157 tieret
968 3090 1108 3156 addendo
1131 3092 1254 3156 finitum
1277 3093 1383 3156 finito:

282 3201 366 3286 quod
383 3223 489 3266 omnes
506 3201 678 3268 concedunt
695 3225 760 3267 esse
776 3203 973 3289 impossibile.
1020 3203 1166 3288 Sequitur
1179 3226 1253 3289 ergo
1267 3205 1300 3268 in
1314 3205 1384 3268 infi-

283 3312 348 3376 nito
377 3313 527 3377 contineri
555 3313 676 3378 infinita
705 3314 833 3395 binaria,
859 3314 991 3380 ternaria
1009 3315 1247 3381 ...millenaria
1276 3323 1334 3380 etc.
1353 3323 1384 3380 et

282 3422 407 3487 tandem
421 3422 543 3487 infinita
556 3423 733 3491 infinitaria.

326 3535 561 3618 Argumentatio
580 3535 646 3600 haeo
664 3558 809 3621 magnam
823 3537 886 3601 vim
907 3537 979 3602 fecit
993 3537 1065 3602 viris
1080 3537 1193 3622 alioqui
1208 3538 1315 3617 doctis,
1330 3540 1385 3603 sed

281 3645 315 3709 in
337 3646 467 3711 mathesi
489 3669 599 3731 parum
613 3648 749 3728 versatis,
765 3649 819 3734 qui
841 3673 908 3714 eam
931 3649 1200 3714 demonstrativam
1223 3673 1289 3714 esse
1302 3651 1384 3715 iudi·

281 3767 435 3823 caverunt.
482 3759 544 3824 Sed
565 3760 820 3825 considerandum
842 3769 898 3839 est,
917 3761 1000 3846 quod
1021 3761 1054 3825 in
1076 3762 1133 3826 hac
1155 3761 1385 3828 ratiocinatione

280 3871 316 3935 fit
331 3872 479 3950 transitus
493 3894 512 3935 a
525 3871 613 3935 finito
628 3871 667 3935 ad
682 3872 838 3936 infinitum
854 3875 1042 3953 coniunctior,
1058 3896 1154 3958 quum
1170 3896 1206 3938 ex
1220 3874 1385 3959 praemissis

281 4003 346 4045 non
369 3990 514 4066 sequatur
539 3981 599 4045 nisi
629 3983 810 4047 disiunctiue.
855 3981 1012 4059 Quamdiu
1041 3985 1123 4048 enim
1153 3985 1386 4050 considerautur

281 4092 401 4172 binarii,
417 4093 550 4174 ternarii,
566 4093 614 4157 vel
630 4094 814 4179 quicumque
829 4093 951 4159 numeri
965 4095 1054 4175 finiti,
1070 4117 1105 4160 eo
1119 4094 1186 4179 ipso
1206 4095 1290 4180 quod
1312 4104 1385 4160 sunt

282 4204 315 4267 in
332 4225 363 4267 se
378 4203 458 4267 finiti
474 4204 585 4269 debent
598 4204 746 4269 infinities
756 4205 862 4290 repeti,
873 4214 908 4269 ut
919 4207 1067 4271 habeatur
1078 4206 1245 4271 multitudo
1254 4207 1386 4271 infinita.

281 4314 413 4393 Quando
428 4339 497 4381 vero
513 4340 571 4400 per
592 4319 709 4398 saltum,
726 4325 760 4382 ut
782 4317 825 4382 ita
848 4318 955 4398 dicam,
972 4319 1119 4404 infinitum
1140 4321 1176 4384 fit
1198 4319 1345 4384 transitus
1368 4342 1386 4384 a
