3212 4986
669 1650 906 1670 ww

234 1962 438 2036 Oonrrnnr
463 1962 537 2035 hoo
554 1962 737 2036 volumen
753 1963 943 2036 tractatus
962 1961 1141 2056 quatuor:
1171 1977 1337 2054 quorum

232 2089 311 2160 tres
327 2086 474 2184 priores
492 2086 804 2184 complectuntur
822 2085 952 2158 omnia
979 2108 1066 2182 quae
1083 2082 1126 2154 in
1142 2078 1337 2177 theologia

232 2212 402 2285 naturali
418 2215 458 2286 et
474 2211 517 2284 in
534 2212 765 2310 cosmologia
778 2211 826 2285 ab
839 2209 1059 2285 auctoribus
1077 2206 1178 2280 tradi
1195 2205 1335 2278 solent:

233 2335 396 2410 ultimus
413 2359 515 2423 vero,
535 2359 652 2434 quern
672 2334 898 2410 admodum
920 2330 1143 2430 appendicis
1164 2327 1336 2414 adiunxi,

233 2459 280 2533 de
297 2459 452 2533 infinito
470 2459 634 2534 disserit.

283 2585 335 2658 In
350 2584 477 2682 primo
493 2587 675 2672 tractatu,
694 2583 762 2682 qui
774 2586 833 2657 est
851 2585 898 2674 d?
912 2584 1008 2668 Deo,
1020 2583 1161 2679 praeter
1178 2603 1234 2666 ea,
1251 2601 1338 2677 quae

234 2709 452 2784 absolutam
472 2710 547 2784 Dei
575 2709 779 2784 entitatem
809 2707 1032 2806 respioiunt,
1060 2727 1185 2803 pauca
1210 2699 1340 2778 addidi

234 2834 345 2909 valde
362 2833 476 2908 utilia
486 2834 587 2910 eirea
597 2833 746 2909 divinas
758 2831 976 2907 relationes.
1030 2831 1164 2922 Quum
1176 2828 1282 2902 enim
1298 2828 1337 2902 in

234 2958 540 3058 praeoedentibus
575 2958 808 3035 tractatibus
835 2955 915 3031 non
950 2956 1068 3032 semel
1095 2954 1339 3043 ostenderim,

236 3107 350 3158 omne
360 3107 428 3158 ens
439 3088 613 3183 oreatum
629 3083 755 3158 tribus
764 3082 1026 3182 metaphysica
1044 3080 1238 3169 constitui,
1254 3103 1341 3178 quae

236 3208 313 3283 diei
329 3213 491 3309 possunt
501 3212 749 3306 primarium,
763 3212 956 3296 terminas,
968 3211 1006 3281 et
1021 3208 1339 3302 complemeatmn,

236 3336 275 3407 et
287 3357 356 3431 per
368 3335 452 3409 haec
462 3335 539 3408 tria
549 3335 755 3433 quamdam
765 3333 841 3408 Dei
851 3332 968 3408 unius
978 3335 1016 3406 et
1029 3331 1124 3405 trini
1132 3330 1342 3428 imaginem

235 3483 315 3558 prae
327 3482 367 3533 se
380 3459 495 3548 ferre;
514 3482 595 3532 non
606 3459 719 3558 potui
732 3458 827 3556 quin
839 3459 938 3532 hano
951 3456 1143 3556 triplicem
1152 3455 1342 3530 rationem

236 3606 316 3658 sese
334 3585 470 3682 sponte
488 3581 713 3657 offerentem
729 3582 771 3655 in
794 3581 1098 3656 consideratione
1114 3580 1341 3656 Divinitatis

234 3709 401 3784 breviter
422 3709 670 3808 attingerem
699 3707 842 3806 quippe
855 3731 935 3781 non
949 3707 1121 3796 deoebat,
1135 3710 1342 3804 postquam

238 3834 285 3909 de
304 3833 442 3908 oreatis
466 3833 548 3908 eius
573 3832 808 3930 imaginibus
831 3831 957 3906 multa
983 3830 1175 3918 dixissem,
1195 3830 1241 3905 de
1257 3831 1342 3929 ipso

235 3961 441 4058 prototypo
462 3981 617 4058 prorsus
642 3961 779 4032 tacere.
833 3958 885 4036 In
908 3981 984 4062 quo
1006 3956 1039 4030 si
1064 3959 1175 4030 extra
1199 3955 1341 4031 limites

237 4083 454 4158 eommunis
481 4083 736 4182 philosophiae
774 4082 904 4187 paullo
938 4082 1097 4157 liberius
1130 4082 1342 4157 excurrisse

237 4209 379 4298 videor,
393 4208 543 4283 dabunt
555 4207 653 4304 mihi
666 4207 911 4305 veniamqui
926 4208 1130 4283 veritatem
1147 4231 1195 4283 ex
1213 4231 1341 4305 supre-

237 4355 301 4408 mo
320 4331 549 4410 Divinitatis
569 4331 678 4411 fonte
705 4332 917 4407 derivatam
942 4357 1022 4408 esse
1041 4333 1180 4434 sciunt,
1199 4333 1241 4406 in
1259 4355 1343 4429 gra·

650 4712 968 4822 Μ368364
