3212 4986
235 386 308 431 car.
325 369 396 454 ιιι]
715 391 757 436 ua
774 393 849 437 uro.
1297 373 1338 434 55

235 552 425 634 mutabilem,
441 554 485 620 ita
505 562 541 619 ut
559 563 624 620 tota
639 555 827 621 mutabilitas
849 554 1004 620 relationis
1019 562 1121 621 teneat
1143 577 1175 619 se
1192 575 1228 619 er
1250 561 1337 637 parte

234 665 367 746 termini,
383 675 419 731 ut
434 666 551 732 dictum
565 675 622 732 est.
668 667 752 732 Hinc
768 668 800 732 S.
816 667 949 731 Thomas
963 675 994 732 et
1008 665 1060 732 alii
1074 665 1210 751 theologi
1225 665 1336 730 docent

233 773 411 841 relationem
432 777 514 842 inter
527 777 630 843 Deum
649 786 681 843 et
701 787 853 843 creaturas
868 800 931 842 non
952 800 1017 842 esse
1033 786 1183 843 mutuam.
1229 775 1333 853 Quum

232 888 314 952 euim
345 889 479 954 sentiant
508 889 685 954 relationem
715 912 781 954 esse
813 889 977 974 quamdam
1006 890 1165 954 entitatem
1195 886 1334 967 subiecti,

231 999 340 1065 saltem
366 1010 402 1066 ut
430 1003 558 1082 relativi,
582 1002 647 1067 iure
668 1003 748 1067 hanc
777 1003 937 1067 entitatem
966 1002 998 1066 in
1025 1001 1091 1066 Deo
1113 1024 1178 1066 esse
1208 1008 1332 1085 negent,

230 1136 270 1178 ne
292 1113 338 1178 illi
361 1114 501 1179 adveniat
527 1115 644 1201 aliquid
669 1115 860 1199 contingens.
907 1113 968 1178 sed
989 1114 1014 1178 si
1036 1115 1151 1194 relatio,
1176 1122 1211 1178 ut
1234 1111 1333 1177 sentio

230 1246 301 1289 cum
325 1227 445 1306 Suarea,
461 1227 539 1292 nihil
562 1227 650 1312 ponit
676 1227 709 1290 in
729 1226 804 1311 ipsis
825 1225 974 1305 terminis,
990 1224 1044 1290 sed
1065 1233 1112 1290 est
1134 1248 1211 1310 pura
1236 1223 1333 1288 resul-

230 1337 327 1402 tantia
356 1361 393 1403 ex
420 1339 573 1424 positione
607 1338 806 1403 terminorum
839 1360 910 1402 cum
940 1337 1151 1416 fundamento,
1181 1359 1244 1401 non
1274 1336 1332 1400 erit

229 1450 399 1533 periculum
421 1450 576 1516 tribuendi
598 1451 667 1516 Deo
690 1450 806 1536 aliquid
828 1449 1010 1535 contingens
1038 1449 1098 1534 ipsi
1120 1447 1330 1527 intrinsecum,

229 1562 348 1627 etiamsi
385 1563 503 1628 dicatur
528 1564 615 1628 Deus
643 1585 697 1648 per
726 1562 910 1627 creationem
939 1562 1066 1627 activam
1091 1561 1130 1626 ad
1162 1571 1330 1626 creaturam

227 1673 342 1754 referri,
367 1675 446 1740 sicut
469 1675 582 1739 dicitur
605 1683 742 1740 creatura
768 1696 822 1758 per
845 1673 1028 1738 creationem
1050 1672 1200 1758 passivam
1226 1672 1331 1736 referri

227 1786 266 1850 ad
280 1787 395 1851 Deum.
438 1786 517 1852 Vide
532 1810 601 1873 qnae
615 1786 654 1851 de
668 1786 725 1851 hae
740 1808 773 1850 re
788 1785 919 1850 diximus
941 1785 974 1848 in
989 1793 1122 1850 tractatu
1137 1783 1175 1849 de
1192 1783 1331 1849 acciden-

228 1898 310 1963 tibus
328 1901 372 1981 (n.
389 1900 455 1983 56).

270 2011 500 2075 Advertendum
520 2019 686 2076 esttamen
704 2010 883 2096 quodlicet
905 2011 1010 2076 relatio
1024 2011 1083 2075 Dei
1099 2011 1138 2076 ad
1160 2018 1329 2075 creaturam

227 2143 290 2185 non
309 2120 458 2186 habeatur
478 2144 532 2207 per
546 2121 662 2207 aliquid
685 2122 716 2186 in
732 2121 800 2186 Deo
819 2108 984 2207 receptum,
1000 2129 1102 2186 tamen
1123 2121 1228 2186 relatio
1248 2143 1330 2186 erea-

226 2243 304 2297 turae
329 2232 368 2297 ad
393 2234 496 2299 Deum
520 2234 650 2299 habetur
676 2256 731 2319 per
753 2233 869 2319 aliquid
894 2242 1050 2318 receptum
1077 2257 1094 2298 a
1117 2242 1274 2298 creatura:
1298 2240 1329 2296 et

226 2344 394 2428 generatim
417 2345 523 2410 relatio
539 2346 658 2430 agentis
678 2345 718 2410 ad
739 2344 860 2430 patiens
875 2367 937 2409 non
960 2353 1104 2409 connotat
1127 2344 1328 2408 mutationem

226 2457 259 2520 in
279 2457 416 2522 subiecto
439 2457 522 2543 quod
542 2459 683 2537 refertur,
699 2457 773 2522 dum
796 2457 901 2523 relatio
916 2457 1060 2542 patientis
1082 2456 1121 2521 ad
1143 2479 1237 2541 agens
1257 2477 1328 2520 oon·

226 2578 314 2633 notat
335 2569 368 2633 in
389 2569 535 2649 subiecto,
550 2568 584 2633 id
607 2578 652 2634 est
676 2571 709 2634 in
732 2570 879 2655 patiente,
895 2569 1096 2634 mutationem
1119 2577 1173 2633 aut
1194 2568 1326 2653 aliquam

225 2681 428 2765 receptionem
446 2682 569 2747 factam.
612 2680 655 2745 Et
676 2680 741 2747 haec
760 2681 881 2746 videtur
902 2704 966 2746 esse
987 2682 1073 2760 ratio,
1089 2689 1214 2766 propter
1234 2703 1326 2766 quam

227 2792 258 2856 S.
275 2792 408 2856 Thomas
427 2792 551 2857 admisit
573 2801 741 2857 creaturam
756 2793 878 2857 realiter
892 2792 996 2857 referri
1018 2792 1057 2857 ad
1073 2790 1257 2872 Creatorem,
1274 2791 1328 2855 sed

224 2903 398 2969 Creatorem
419 2904 536 2969 ratione
558 2912 680 2969 tantum
703 2905 807 2970 referri
829 2905 868 2969 ad
888 2914 1074 2970 creaturam:
1098 2926 1152 2989 per
1175 2904 1257 2989 quod
1279 2904 1328 2968 in·

224 3014 323 3080 dicare
337 3015 443 3095 voluit,
459 3013 635 3080 Creatorem
653 3015 771 3081 nullam
785 3038 896 3081 novam
916 3017 1074 3080 entitatem
1096 3017 1325 3100 contingentem

222 3126 387 3211 acquirere.
433 3127 494 3192 sed
515 3150 551 3192 ex
575 3127 757 3212 supradietis
779 3136 863 3212 patet
886 3128 969 3213 quod
987 3129 1171 3192 sufficienter
1193 3127 1327 3192 salvatur

222 3238 452 3304 immutabilitas
467 3239 536 3318 Dei,
549 3239 669 3304 etiamsi
684 3239 790 3305 relatio
800 3239 953 3304 Creatoris
968 3240 1007 3304 ad
1021 3249 1190 3304 creaturam
1206 3239 1325 3304 dicatur

221 3349 328 3428 realis3
350 3372 447 3435 quum
461 3350 568 3415 relatio
581 3372 645 3414 non
660 3351 700 3415 sit
714 3373 769 3415 ens
784 3353 816 3414 iu
830 3359 904 3430 ente,
920 3350 974 3415 sed
988 3373 1043 3416 ens
1057 3351 1200 3416 adalind.

579 3628 762 3674 AMIGULUS
777 3629 958 3675 SECUNDUS.

385 3839 387 3848 ,
435 3774 484 3837 De
498 3783 566 3839 actu
581 3778 707 3840 creatioo
715 3785 809 3860 prout
823 3776 920 3840 Deum
934 3777 1108 3840 denominat.

264 3914 316 3977 67.
339 3912 425 3977 Deus
448 3910 485 3976 de
510 3912 590 3976 facto
616 3919 663 3976 est
683 3913 818 3993 Creator,
844 3936 940 3999 quum
966 3915 1078 3979 creatio
1107 3913 1147 3976 sit
1169 3912 1259 3989 faeta,
1287 3920 1321 3976 ut

218 4022 397 4087 ostendetur
411 4031 543 4088 tractatu
562 4032 717 4109 sequente.
762 4024 854 4089 Facta
869 4032 915 4089 est
937 4048 1009 4109 ergo
1024 4023 1198 4099 terminatio
1213 4023 1324 4088 divina

219 4135 340 4199 virtutis
354 4134 394 4199 ad
409 4147 502 4199 extra.
547 4133 653 4211 Quum
668 4144 772 4200 autem
783 4135 887 4200 divina
901 4137 1007 4215 virtus,
1020 4157 1075 4199 seu
1089 4134 1321 4219 omnipotentia,

219 4247 259 4311 sit
273 4248 338 4331 ipse
352 4246 439 4310 Deus
456 4245 500 4329 (n.
516 4247 571 4329 31)
588 4254 620 4310 et
634 4245 754 4310 realiter
768 4247 973 4312 identificetur
988 4269 1058 4312 cum
1072 4245 1197 4330 reliquis
1212 4244 1322 4310 divinis

218 4357 375 4424 attributis
392 4360 436 4440 (u.
452 4360 522 4442 32),
537 4382 555 4423 a
577 4358 688 4442 quibus
715 4358 779 4422 sole
800 4359 917 4423 ratione
939 4358 1149 4442 distinguitur,
1166 4357 1321 4422 terminari
