3222 4984
280 333 343 394 156
585 349 628 393 nn
645 349 790 393 accroun
808 349 865 392 nni
883 349 920 392 ru
938 348 1069 394 nunno.
1235 326 1320 410 [car.
1339 349 1377 392 11.

275 517 480 582 conditionem
500 515 564 580 sine
582 538 643 600 qua
663 538 736 580 non.
783 515 855 579 Non
879 536 952 599 ergo
973 513 1127 579 concurrit
1150 513 1313 578 efficienter
1339 512 1378 576 ad

273 626 451 711 ponendum
466 648 537 690 cum
553 649 608 689 suo
624 625 829 689 instrumento
845 648 943 689 unum
955 647 1083 688 numero
1094 624 1247 688 effectum.
1294 623 1378 688 Hine

275 738 526 822 quotiescumque
549 759 644 801 unum
668 759 762 822 agens
783 737 883 802 utitur
904 737 963 800 alio
982 746 1138 821 tamquam
1162 735 1377 814 instrumento,

275 871 337 914 non
368 849 458 914 datur
487 850 591 914 stricte
621 848 722 914 dictus
751 870 926 929 concursus,
952 857 1018 913 tum
1049 848 1121 932 quia
1151 847 1229 911 actio
1258 846 1378 930 agentis

274 960 400 1045 attingit
429 961 680 1039 instrumentum,
704 982 767 1024 non
797 968 900 1027 autem
927 959 1079 1037 effectum,
1107 967 1174 1022 turn
1201 958 1272 1043 quia
1298 957 1376 1021 actio

274 1071 393 1156 agentis
411 1081 531 1156 recepta
552 1071 585 1135 in
606 1070 811 1136 instrumento
828 1093 891 1134 non
915 1071 951 1134 fit
965 1071 1062 1135 virtus
1081 1069 1178 1134 activa
1195 1091 1377 1133 concurrens

274 1205 345 1249 curn
369 1183 481 1247 virtute
506 1183 715 1261 instrumenti,
742 1182 795 1246 sed
821 1180 913 1246 habet
937 1205 969 1246 se
995 1189 1031 1246 ut
1056 1180 1167 1266 positio
1193 1179 1377 1244 conditionis

275 1295 411 1379 proxime
441 1294 594 1379 requisita
623 1293 745 1357 adhoc
772 1302 806 1357 ut
835 1292 1075 1357 instrumentum
1105 1300 1186 1376 agat.
1232 1291 1377 1356 Conditio

275 1428 345 1470 vero
360 1405 447 1469 nullo
462 1405 552 1469 modo
567 1414 613 1472 est
629 1427 719 1470 causa
734 1405 866 1469 efficiens
881 1405 946 1468 eius
961 1412 1085 1490 propter
1100 1403 1183 1489 quod
1198 1403 1331 1488 ponitur.

319 1520 370 1581 14.
395 1514 550 1592 Quaeritur
565 1523 684 1601 quarto,
696 1525 795 1580 atrum
809 1539 965 1580 concursus
979 1517 1120 1580 consistat
1131 1517 1162 1578 in
1174 1514 1377 1598 transferenda

273 1630 382 1692 virtute
396 1630 509 1712 agentis
523 1628 558 1692 de
572 1629 632 1691 otio
647 1628 688 1692 ud
700 1636 798 1692 actum
812 1629 975 1691 intrinsece.

318 1739 500 1824 Respondeo
528 1739 679 1822 negative.
718 1739 809 1803 Ratio
838 1747 895 1818 est,
920 1739 991 1823 quia
1014 1738 1111 1804 virtus
1135 1736 1231 1802 activa
1257 1735 1376 1820 agentis

273 1873 443 1935 numquam
473 1859 519 1914 est
548 1850 649 1935 quoad
679 1873 710 1914 se
739 1849 772 1913 in
801 1850 874 1930 otio,
900 1851 953 1914 sed
976 1873 1096 1935 semper
1118 1858 1186 1914 actu
1208 1860 1313 1933 parata
1336 1847 1376 1911 ad

274 1961 446 2045 agendum:
470 1961 566 2026 virtus
592 1961 674 2024 enim
698 1961 817 2045 agentis
840 1961 919 2025 nihil
942 1961 1026 2026 aliud
1050 1970 1097 2024 est
1120 1960 1181 2040 nisi
1198 1970 1284 2024 actus
1303 1959 1374 2022 sub-

276 2072 427 2136 stantialis
442 2073 562 2156 agentis
577 2081 612 2136 ut
628 2073 757 2136 ulterius
771 2070 982 2137 terminabilis.
1027 2072 1100 2136 Non
1116 2071 1227 2135 transit
1249 2093 1321 2154 ergo
1341 2071 1376 2135 dc

268 2177 404 2268 potentio
433 2185 474 2248 od
500 2192 606 2262 actum,
634 2183 721 2267 quasi
747 2191 880 2248 cctactur
906 2183 1023 2247 actione
1049 2182 1173 2246 alterius
1197 2183 1267 2266 (hoc
1293 2181 1375 2245 enim

275 2297 433 2380 proprium
455 2304 502 2358 est
524 2295 668 2380 potentiae
684 2294 818 2378 passivae,
833 2317 897 2357 non
913 2293 1034 2359 virtutis
1050 2293 1178 2377 activae),
1198 2293 1251 2357 sed
1266 2292 1393 2384 11111811Ι

272 2409 307 2470 dc
318 2415 390 2472 actu
397 2409 496 2491 primo
512 2407 553 2470 cd
563 2406 719 2477 secundum
732 2427 787 2490 per
800 2405 859 2470 hoc
873 2405 954 2490 quod
971 2407 1142 2497 terminetur*
1155 2405 1194 2469 ad
1208 2403 1373 2468 terminum

175 2589 179 2594 ,
273 2519 472 2612 actuabilem:
502 2518 559 2582 hoc
588 2519 670 2582 enim
699 2517 857 2602 proprium
887 2527 933 2582 est
962 2517 1084 2582 virtutis
1113 2517 1227 2581 activae.
1273 2515 1375 2592 Quare

275 2652 438 2694 concursus
454 2629 561 2714 nequit
572 2607 737 2694 consistere
752 2628 785 2691 in
800 2627 1009 2722 transferenda
1023 2628 1136 2692 virtute
1152 2627 1248 2692 activa
1260 2627 1297 2690 de
1309 2627 1372 2691 otio

272 2743 437 2808 adactum
462 2742 635 2807 intrinsece.
681 2743 839 2820 Praeterea,
865 2749 900 2805 ut
926 2742 984 2806 hoc
1010 2743 1106 2820 fieret,
1130 2764 1224 2825 agens
1250 2741 1374 2805 deberet

273 2854 389 2939 aliquid
408 2862 479 2918 actu
499 2853 631 2938 recipere
650 2853 683 2916 in
704 2876 759 2917 sua
773 2853 886 2917 virtute
908 2853 1013 2932 activa,
1029 2862 1065 2917 ut
1081 2852 1177 2916 virtus
1197 2852 1261 2916 haec
1278 2852 1374 2916 otiosa

273 2966 358 3029 fieret
376 2964 529 3049 operativa
549 2973 630 3029 actu.
676 2964 737 3028 sed
753 2964 812 3029 hoc
826 2972 873 3055 est
888 2964 1074 3042 absurdum3
1096 2986 1171 3056 nam
1184 2963 1290 3042 virtus,
1306 2985 1374 3047 quae

272 3076 391 3160 indiget
412 3077 478 3167 fieri
500 3075 661 3160 operativa,
677 3098 740 3140 non
763 3083 809 3140 est
830 3075 936 3154 virtus,
956 3075 1009 3140 sed
1031 3075 1151 3166 indiget
1172 3074 1238 3166 fieri
1255 3074 1372 3138 virtus:

272 3191 347 3253 item
362 3188 459 3252 virtus
480 3210 544 3252 non
566 3195 612 3252 est
627 3188 787 3272 receptiva,
802 3196 839 3252 nt
854 3210 942 3272 saepe
957 3187 1018 3251 ianr
1035 3187 1151 3277 dictum
1166 3193 1232 3250 est:
1256 3185 1373 3250 adhaec

272 3301 369 3364 virtus
384 3299 503 3384 agentis
518 3321 580 3364 non
595 3309 641 3364 est
657 3300 795 3392 accidens
810 3299 885 3390 eius,
899 3300 951 3364 sed
966 3299 1087 3366 realiter
1100 3298 1233 3384 pertinet
1247 3297 1286 3362 ad
1301 3297 1374 3362 sub-

272 3411 417 3476 stantiam
432 3411 530 3496 ipsam
545 3412 674 3495 agentis,
692 3421 726 3474 ut
742 3411 814 3476 alibi
834 3419 992 3475 ostensum
1013 3418 1068 3474 est.
1114 3409 1307 3494 Impossibile
1327 3419 1374 3473 est

271 3521 368 3613 igitur
389 3521 454 3586 dari
475 3521 619 3586 virtutem
642 3522 780 3601 activam,
804 3544 872 3607 quae
894 3544 948 3608 per
971 3542 1152 3586 concursum
1183 3520 1307 3584 alterius
1337 3543 1373 3585 ex

272 3637 369 3702 otiosa
382 3637 436 3700 fiat
450 3635 612 3700 intrinsece
627 3633 787 3718 operativa.
1160 3717 1162 3722 Ι

318 3751 369 3813 15.
393 3747 548 3825 Quaeritur
562 3746 680 3831 quinto,
696 3754 795 3810 atram
810 3767 964 3832 concursus
978 3747 1119 3809 consistat
1128 3746 1159 3808 in
1172 3744 1374 3828 transferenda

272 3861 380 3926 virtute
393 3862 490 3924 activa
505 3859 540 3922 dc
554 3860 613 3922 otio
629 3857 669 3921 od
682 3866 781 3921 actum
792 3859 962 3920 catria-seca.

318 3971 499 4056 Respondeo
527 3969 677 4053 negative,
708 3967 846 4052 quamvis
874 3966 939 4030 haec
969 3965 1120 4054 sententia
1149 3966 1210 4031 iarn
1240 3966 1374 4036 multum

274 4084 497 4168 appropinquet
512 4079 640 4159 veritati,
656 4087 690 4142 ut
710 4101 745 4142 ex
763 4078 843 4142 infra
868 4077 1006 4141 dicendis
1031 4075 1157 4161 patebit.
1204 4077 1295 4142 Ratio
1316 4087 1372 4156 est,

273 4196 345 4280 quia
359 4195 455 4260 virtus
470 4193 566 4256 activa
581 4190 691 4254 transit
707 4188 744 4253 ad
760 4196 863 4252 actum
877 4211 933 4273 per
954 4187 1012 4252 hoc
1035 4188 1145 4265 solum,
1161 4188 1244 4272 quod
1262 4187 1373 4252 habeat

273 4307 354 4370 intra
379 4305 527 4390 sphaeram
555 4325 617 4390 suae
647 4300 813 4367 activitatis
836 4299 1002 4366 terminum
1030 4299 1221 4364 actuabilom.
1266 4301 1373 4364 Virtus
