3240 4986
234 359 307 404 csr.
325 337 396 424 ιιι]
693 357 735 402 ns
752 357 883 401 nosne.
1275 341 1337 404 127

234 526 373 611 indiget3
397 536 521 612 propter
536 527 593 591 hoc
614 527 695 591 enim
712 527 798 591 Deus
813 527 889 590 liber
903 534 959 606 est,
975 526 1057 612 quod
1077 528 1190 612 ubsque
1205 527 1269 591 ulle
1285 549 1339 591 suo

234 639 413 702 necessitate
428 639 525 724 possit
539 638 655 723 aliquid
670 648 754 702 extra
769 661 801 702 se
815 638 991 722 producere.

278 749 368 814 Falso
388 758 490 814 autern
508 758 597 835 putet
615 750 696 814 idem
720 758 834 828 unctor,
850 773 914 814 esse
935 749 1066 835 aliquem
1084 773 1207 814 sensum
1230 751 1339 836 inquo

235 862 321 926 Deus
346 861 443 946 possit
467 861 528 926 dici
550 864 710 926 necessario
734 884 867 940 muscus,
886 870 921 926 ut
943 861 1009 947 ipse
1033 861 1067 926 in
1090 871 1163 927 note
1186 862 1254 946 (loc.
1272 864 1336 947 cit.)

235 982 363 1038 conatur
385 973 551 1058 explicare:
583 974 693 1040 scilicet
719 982 848 1052 eotenus,
874 974 985 1058 inquit,
1013 983 1157 1058 quotenus
1178 978 1339 1040 necessario

235 1092 331 1150 actum
346 1086 472 1168 aliquem
485 1085 639 1150 relationem
653 1085 694 1148 cd
707 1086 862 1148 terminum
876 1086 1069 1150 consocerum
1078 1108 1189 1170 ponere
1202 1088 1292 1164 debet,
1305 1095 1340 1150 ut

235 1198 398 1263 libertatem
413 1207 546 1264 ccerceot
555 1225 565 1260 :
588 1207 621 1262 at
634 1199 810 1277 nullatenus,
825 1199 871 1262 uti
885 1198 947 1262 cult
961 1201 1003 1262 D.
1024 1201 1141 1278 Coruin,
1157 1202 1243 1284 quusi
1256 1202 1340 1264 Deus

235 1313 396 1390 accessorio
411 1320 497 1389 creet,
514 1311 547 1374 id
559 1320 601 1375 cst
622 1311 759 1374 memor
774 1311 1016 1394 eristeresocict.
1065 1311 1152 1384 Quod
1163 1313 1229 1376 Deo
1243 1335 1339 1376 ueces-

235 1425 347 1488 sorium
361 1432 415 1502 cst,
431 1431 475 1488 est
496 1431 530 1488 ut
545 1431 625 1507 opat,
641 1431 671 1486 ct
692 1423 806 1505 quidem
828 1430 929 1506 utpote
943 1425 1103 1487 rmccsscrio
1118 1433 1187 1488 acte
1208 1425 1291 1504 liber,
1307 1435 1342 1489 ut

236 1543 306 1618 opat
331 1537 375 1599 od
397 1543 491 1614 cotra,
516 1535 644 1618 adeoque
668 1543 702 1598 ot
719 1542 816 1618 ponat
846 1534 890 1598 rel
911 1535 1078 1599 vetitionem
1100 1536 1147 1598 uel
1173 1536 1340 1600 politionem

236 1656 385 1712 oraturo.
432 1649 493 1711 Ast
507 1647 674 1710 nullatcnus
695 1649 889 1710 necessarium
907 1655 960 1725 cst,
976 1655 1010 1710 ut
1026 1655 1122 1732 pocot
1130 1650 1253 1731 precise
1267 1649 1338 1712 uoli-

237 1761 344 1824 tiooem
361 1758 470 1837 muudi,
487 1767 544 1824 etc.
589 1757 657 1842 Ego
673 1779 743 1820 vero
762 1757 869 1836 fateor,
884 1780 933 1821 me
955 1779 1018 1821 non
1035 1781 1124 1842 posse
1141 1758 1206 1824 baec
1225 1759 1339 1824 intelli-

237 1891 317 1952 gere.
364 1869 398 1933 si
423 1869 505 1932 eninr
529 1869 614 1932 Dens
634 1877 730 1953 ponat
755 1869 924 1932 molitionem
945 1869 1065 1948 mundi,
1083 1870 1158 1954 quid
1180 1871 1340 1935 mnssbit?

237 1981 325 2044 Nihil
345 1990 426 2045 certe
447 1981 487 2045 ed
502 1989 609 2044 extre:
633 2003 673 2044 an
690 2003 761 2044 vcro
781 1979 897 2063 aliquid
917 1978 955 2043 ad
977 1980 1082 2044 intra?
1104 1981 1203 2045 multo
1226 1982 1341 2048 minus.

237 2092 310 2156 Non
334 2115 407 2176 ergo
429 2091 598 2157 necessario
624 2099 737 2156 censet.
781 2091 903 2156 Deinde
928 2092 1082 2176 quomodo
1105 2091 1340 2178 intelligendum

239 2213 286 2267 est
308 2203 397 2283 illud,
421 2204 504 2288 quod
529 2203 616 2268 Deus
642 2202 683 2267 sit
708 2212 777 2267 octo
798 2205 958 2268 necessario
986 2205 1080 2268 liber?
1126 2205 1160 2269 Si
1182 2214 1268 2270 ectus
1291 2207 1342 2270 ille

238 2315 426 2380 necessarius
452 2323 498 2378 est
522 2323 609 2378 ectus
630 2336 691 2399 quo
711 2314 797 2379 Deus
819 2309 874 2378 est*
888 2317 920 2378 in
943 2337 984 2393 se,
1000 2315 1061 2379 iem
1084 2316 1171 2380 nulle
1195 2317 1273 2382 ectio
1295 2341 1342 2382 re-

239 2426 371 2512 spiciens
384 2426 551 2492 terminum
572 2426 737 2511 requiritur
757 2425 796 2491 ed
816 2426 874 2491 boc
893 2434 929 2491 ut
950 2426 989 2491 sit
1009 2426 1103 2493 liber:
1127 2429 1237 2493 sivero
1256 2441 1344 2495 setus

238 2539 290 2604 ille
304 2538 493 2606 necessarius
508 2546 554 2602 est
570 2537 649 2604 ectio
663 2537 826 2623 respiciens
841 2537 1003 2616 mnndum,
1016 2561 1112 2624 quum
1129 2541 1266 2606 mundus
1279 2565 1342 2606 non
1454 2560 1458 2569 ’

239 2651 279 2714 sit
303 2650 500 2729 necessarius,
516 2659 547 2714 et
570 2656 725 2734 respectus
751 2649 790 2712 sd
815 2649 966 2714 mundum
990 2673 1053 2714 non
1079 2651 1119 2715 sit
1144 2654 1341 2733 necessarius,

240 2761 326 2826 nullo
341 2761 432 2828 modo
454 2759 533 2824 actio
547 2759 600 2826 illo
614 2759 672 2826 erit
693 2759 870 2826 necessaria.
916 2760 997 2826 Item
1017 2763 1098 2826 inter
1113 2763 1289 2828 volitionem
1311 2773 1342 2829 et

240 2872 400 2957 positivam
423 2871 603 2936 nolitionem
628 2870 719 2936 detur
742 2870 887 2950 medium,
903 2870 936 2935 id
959 2881 1005 2936 est
1027 2895 1086 2937 nou
1108 2875 1208 2939 volitio
1233 2878 1342 2957 manui,

240 3006 308 3069 quse
331 2983 501 3068 concipitur
526 2991 563 3048 ut
588 3005 651 3046 non
678 2981 774 3048 ectio:
804 2991 835 3046 et
858 2982 898 3048 ud
921 2983 1095 3050 libertatem
1120 2985 1255 3052 divinam
1279 3011 1343 3053 non

240 3095 404 3180 requiritur
428 3103 463 3158 nt
488 3094 586 3178 possit
607 3093 679 3158 celle
700 3102 731 3156 et
756 3093 833 3157 nolle
855 3093 1016 3174 mnndum,
1033 3095 1087 3160 sed
1110 3098 1221 3162 sufficit
1242 3107 1279 3163 nt
1300 3100 1344 3165 ita

240 3207 322 3286 velit,
338 3215 374 3273 ut
388 3206 486 3290 possit
504 3229 563 3273 ooo
576 3206 658 3270 celle.
703 3205 805 3271 Immo
819 3206 939 3272 videtur
958 3207 1043 3292 quod
1057 3208 1174 3274 nullom
1194 3233 1258 3276 rem
1278 3235 1298 3276 ιι
1311 3235 1345 3277 se

241 3317 401 3384 creabilem
416 3317 514 3402 possit
528 3317 615 3382 Dens
629 3339 649 3382 s
661 3317 755 3402 priori
776 3319 906 3402 positive
920 3319 1004 3386 nolle
1012 3346 1023 3399 3
1046 3322 1117 3406 quia
1131 3322 1217 3388 Deus
1239 3346 1342 3389 neces-

241 3429 319 3494 sario
342 3429 511 3515 complacet
534 3428 592 3493 sibi
617 3429 650 3492 in
675 3429 774 3514 seipso
797 3431 888 3494 etiam
914 3439 950 3494 ut
976 3431 1146 3500 eminenter
1168 3435 1344 3500 continente

242 3541 377 3608 omnies
399 3553 431 3606 se
452 3540 603 3620 creabilis,
619 3547 650 3603 et
672 3540 803 3625 positiva
822 3541 930 3606 nolitio
948 3542 1028 3627 (qnae
1046 3565 1082 3607 ex
1103 3543 1171 3608 eliis
1192 3545 1343 3630 capitibus

240 3661 321 3718 esset
345 3653 470 3718 omnino
493 3651 627 3733 inutilis)
645 3651 766 3717 videtur
789 3654 917 3718 omnino
941 3655 1145 3721 contradicere
1166 3657 1239 3722 huic
1261 3679 1345 3722 com-

239 3764 408 3850 plerentiae.
462 3765 544 3828 Nem
568 3764 698 3849 positive
721 3763 828 3828 nolitio
851 3764 972 3830 videtur
994 3766 1166 3851 reprobatio
1194 3769 1349 3852 positivo:¹

240 3883 272 3942 et
286 3876 351 3942 haec
370 3897 434 3941 non
448 3875 574 3960 attingit
589 3875 705 3960 aliquid
728 3876 769 3940 de
780 3875 819 3939 iis
833 3875 946 3961 quihus
961 3876 1064 3942 diune
1082 3879 1195 3944 entitas
1208 3881 1344 3944 eminen-

240 3997 289 4054 ter
306 3987 477 4074 aequivalet,
492 3987 545 4053 sed
559 3995 682 4052 tentum
702 3987 818 4072 aliquid
833 3987 916 4072 quod
937 3987 1046 4053 divinoe
1060 3990 1182 4056 entitsti
1196 3999 1227 4055 et
1246 3992 1345 4076 perfe-

241 4100 394 4167 ctionibus
407 4108 570 4186 repugnet,
581 4108 617 4166 ut
631 4098 793 4178 iniustitia,
803 4100 913 4164 vitium
928 4109 960 4164 et
974 4122 1065 4166 omne
1079 4111 1248 4187 peccatum.
1284 4104 1345 4170 Sed

242 4211 306 4277 boec
322 4212 484 4278 sufficient.
