3212 4986
263 314 306 380 46
746 336 788 380 nn
807 336 881 380 nno.
1229 316 1317 400 [cnr.
1335 337 1373 381 11.

263 499 400 586 rogatio:
430 500 467 566 aa·
489 508 603 565 nestro
617 499 704 564 Heca
725 508 754 565 et
770 508 904 584 poneba
923 503 956 564 io
978 500 1086 566 talibas
1108 499 1256 564 diuortia
1277 509 1307 564 et
1328 503 1371 564 eia

265 619 401 691 tentabar,
418 634 457 676 aa
472 613 599 678 comedet
606 611 743 696 fractam
756 613 901 677 vetram?
946 611 1117 696 Responsio
1135 611 1315 678 affirmativa
1331 611 1369 676 ab

265 730 379 791 aeterno
401 723 525 808 cognita
546 723 607 788 luit
622 723 699 804 Deo,
715 745 779 788 non
801 733 926 810 propter
941 724 1096 790 decretum
1112 723 1233 788 creandi
1249 723 1368 798 Hevam

265 843 295 900 et
310 835 445 920 ponendi
460 857 526 901 eam
541 835 574 900 in
593 835 653 900 illis
673 835 835 914 adiunctis,
850 858 907 901 nec
924 845 1049 922 propter
1068 836 1223 901 decretum
1246 835 1369 922 aliquod

266 945 550 1014 determinationem
565 947 731 1012 voluntatis
748 946 843 1012 Hevae
864 947 1035 1032 importans
1060 946 1156 1033 (quod
1175 947 1284 1012 fuisset
1299 969 1368 1012 oon·

264 1058 393 1124 trarium
415 1057 549 1124 libertati
572 1058 720 1142 mulieris)
745 1058 800 1123 sed
821 1059 893 1144 quia
913 1058 1000 1124 Deus
1015 1057 1191 1124 volitionem
1214 1059 1297 1124 illam
1320 1081 1369 1124 co·

265 1169 409 1236 medendi
423 1170 559 1235 fructum
574 1170 703 1235 vetitum
717 1169 750 1234 in
765 1170 832 1254 ipsa
845 1169 940 1236 Hevae
956 1169 1111 1236 voluntate
1123 1170 1255 1236 intuitus
1270 1179 1316 1235 est
1332 1171 1369 1236 ab

266 1289 389 1361 aeterno,
405 1303 441 1346 eo
457 1281 549 1346 modo
564 1302 625 1366 quo
640 1303 697 1348 nos
714 1281 873 1346 intuemur
893 1305 962 1367 quae
982 1291 1055 1348 sunt
1076 1283 1166 1350 nobis
1180 1283 1228 1349 vel
1250 1283 1370 1349 realiter

266 1391 314 1458 vel
328 1414 383 1477 per
397 1392 648 1478 imaginationem
663 1393 834 1478 praesentia.

311 1503 458 1572 Similiter
478 1505 514 1570 fit
533 1504 753 1589 interrogatio:
778 1505 815 1569 si
841 1506 925 1588 Tyrii
944 1506 1063 1570 videant
1079 1507 1225 1570 mirauala
1248 1508 1369 1586 Christi,

266 1637 306 1680 aa
319 1615 437 1700 faeiem
454 1614 684 1700 paenitentiam?
729 1614 900 1700 Responsio
922 1615 1101 1680 affirmativa
1123 1616 1161 1680 ab
1184 1625 1297 1682 aeterno
1319 1640 1369 1683 co·

267 1727 355 1813 gnita
383 1727 442 1792 luit
456 1726 534 1806 Deo,
551 1747 614 1790 non
639 1726 673 1790 in
698 1747 779 1791 nexu
803 1725 905 1812 aliquo
929 1727 1097 1792 necessario
1120 1728 1201 1792 inter
1223 1729 1370 1792 visionem

267 1839 484 1906 miraculorum
499 1847 530 1904 et
544 1838 758 1923 poeniteatiam
776 1839 860 1922 (nam
874 1838 947 1903 visis
961 1838 1115 1903 miraculis
1129 1848 1271 1924 poterant
1282 1841 1371 1926 Tyrii

266 1950 360 2016 libere
373 1951 471 2016 facere
485 1952 533 2016 vel
548 1972 612 2014 non
626 1951 722 2016 lacere
737 1950 977 2036 poeniteutiam),
991 1951 1044 2016 aed
1059 1952 1092 2016 iu
1107 1951 1175 2037 ipso
1187 1961 1258 2018 actu
1271 1953 1372 2038 poeni·

265 2062 361 2143 tendi,
376 2063 430 2148 qui
445 2063 538 2128 libere
552 2062 716 2129 exstitisset
731 2063 789 2127 sub
805 2062 979 2128 conditione
994 2063 1047 2127 illa
1061 2064 1288 2129 miraculorum.

310 2177 362 2242 57.
389 2174 523 2240 Soientia
548 2197 653 2240 eorum
677 2197 746 2260 quae
768 2174 863 2240 libere
885 2174 1003 2253 fierent,
1032 2174 1058 2238 si
1083 2183 1247 2259 poneretur
1270 2175 1371 2261 aliqua

267 2286 411 2367 conditio,
427 2286 547 2352 etiamsi
568 2309 737 2372 numquam
759 2286 846 2364 fiant,
862 2286 935 2370 quia
956 2308 1126 2371 numquam
1149 2294 1282 2371 ponetur
1299 2308 1371 2352 con·

268 2397 354 2478 ditio,
385 2397 498 2463 dicitur
526 2399 648 2462 scientia
677 2397 943 2462 conditionatorum
972 2397 1060 2462 libare
1081 2397 1295 2482 fittaaihilium,
1325 2399 1372 2464 vel

267 2511 390 2574 edentia
409 2510 521 2575 media:
544 2517 592 2573 est
609 2507 691 2572 enim
709 2507 810 2574 media
824 2508 904 2573 inter
920 2508 1079 2573 scientiam
1093 2531 1199 2574 eorum
1214 2531 1282 2594 quaa
1297 2519 1371 2574 aunt

268 2643 345 2706 pure
365 2620 521 2706 possibilia
538 2628 568 2686 et
589 2619 746 2686 scientiam
762 2641 867 2684 eorum
882 2643 950 2704 quae
965 2619 1105 2684 absolute
1119 2622 1203 2685 fient.
1249 2621 1325 2686 Esse
1339 2623 1372 2688 in

268 2732 336 2798 Deo
355 2733 434 2798 hanc
457 2731 615 2798 scientiam
634 2739 719 2816 patet
738 2734 772 2794 1⁰
794 2731 867 2816 quia
888 2731 974 2796 nulla
989 2731 1079 2796 debet
1094 2754 1182 2818 posse
1196 2732 1262 2798 fieri
1277 2734 1371 2798 inter-

268 2843 397 2928 rogatio,
421 2844 471 2908 oui
495 2843 582 2909 Deus
607 2843 721 2907 nesciat
747 2842 950 2927 respondere:
985 2844 1071 2929 atqui
1096 2843 1134 2908 de
1159 2845 1372 2908 futuribilibus

268 2953 483 3020 conditionatis
507 2953 574 3018 fieri
598 2961 727 3038 possunt
751 2955 1023 3038 interrogatiouos3
1046 2976 1139 3040 ergo:
1163 2957 1198 3020 2⁰
1223 2956 1296 3040 quia
1316 2955 1373 3019 ho·

266 3063 365 3132 mines
384 3071 514 3150 possunt
536 3063 690 3149 aliquibus
710 3065 1004 3149 interrogationibus
1024 3066 1174 3132 eiusmodi
1191 3067 1374 3152 respondere

268 3197 339 3242 cum
354 3175 577 3261 probabilitate,
592 3184 623 3240 et
639 3198 703 3240 non
717 3199 785 3241 raro
799 3199 905 3242 verum
921 3177 1127 3263 respondent;
1150 3200 1224 3263 ergo
1239 3187 1270 3243 et
1285 3178 1372 3244 Deus

268 3287 359 3354 debet
374 3287 449 3353 scire
463 3288 702 3372 responsionem,
718 3295 750 3352 et
764 3287 889 3373 quidem
905 3290 1122 3356 certissimam:
1145 3293 1181 3355 3⁰
1197 3291 1270 3376 quia
1285 3291 1373 3356 Deus
1474 3344 1476 3349 .

268 3399 367 3464 multa
381 3421 417 3464 ex
430 3400 479 3464 his
493 3400 700 3465 conditionate
720 3400 933 3466 futuribilibus
954 3424 986 3466 se
1007 3401 1083 3469 scire
1105 3402 1321 3482 manifestavit,
1337 3412 1373 3467 ut

267 3532 304 3576 ex
320 3510 484 3596 Scripturis
501 3511 599 3578 Sacris
614 3521 761 3598 apparet:
784 3515 819 3576 4⁰
841 3513 914 3598 quia
927 3512 1051 3578 libertas
1067 3522 1167 3578 creata
1181 3522 1228 3578 est
1249 3512 1386 3600 partici-'

266 3622 349 3708 patio
364 3621 514 3687 libertatis
528 3622 659 3692 divine:
683 3622 737 3687 sed
752 3622 839 3688 Deua
855 3624 912 3688 soit
927 3623 1003 3708 quid
1018 3623 1083 3708 ipse
1097 3623 1234 3688 facturus
1248 3633 1328 3690 esset
1339 3625 1373 3688 in

267 3734 353 3800 omni
375 3733 512 3819 possibili
536 3733 726 3820 hypothesi;
755 3756 828 3817 ergo
855 3734 912 3798 scit
935 3735 1027 3810 etiam
1051 3734 1127 3818 quid
1150 3735 1268 3799 factura
1293 3743 1374 3800 esset
1460 3818 1465 3829 Ι

267 3854 404 3914 creatura
425 3845 521 3910 libera
541 3845 575 3910 in
596 3845 682 3911 omni
704 3845 843 3931 possibili
865 3845 1038 3932 hypothesi.
1086 3846 1173 3910 Sicut
1188 3847 1271 3910 enim
1286 3847 1372 3912 Deus

266 3956 299 4022 in
314 3980 370 4024 sua
383 3957 504 4037 infinita
518 3957 655 4024 realitate
668 3957 751 4023 videt
767 3980 873 4025 omnes
887 3957 1041 4023 realitates
1059 3980 1128 4043 quae
1145 3980 1212 4022 esse
1231 3968 1371 4044 possunt,

266 4067 310 4133 ita
330 4069 364 4135 in
387 4092 441 4136 aua
463 4069 585 4136 infinita
606 4069 764 4135 voluntate
786 4069 869 4134 videt
890 4091 997 4134 omues
1020 4069 1193 4134 voluntates
1216 4092 1284 4154 quae
1306 4093 1372 4135 esse

266 4191 406 4267 possunt,
422 4183 501 4248 etin
517 4184 730 4250 suavolitione
747 4183 843 4248 libera
864 4206 971 4250 omnes
985 4183 1145 4249 volitiones
1166 4182 1276 4247 liberas
1298 4205 1367 4268 pos·

266 4293 378 4360 sibiles.
423 4293 505 4370 Quia
524 4295 606 4360 enim
629 4295 766 4376 scientia,
790 4317 851 4380 qua
864 4295 951 4360 Deus
973 4276 1130 4380 cognoscit
1155 4316 1187 4358 se
1208 4293 1301 4359 libere
1315 4317 1368 4359 vo-
