3240 4986
285 307 327 374 rt
741 327 784 370 ue
801 327 930 372 nunno.
1262 304 1346 388 [cur.
1363 323 1387 366 1.

282 493 415 560 rationes
443 492 576 558 obiectas
605 493 709 577 paullo
738 493 917 579 diligentius
945 514 1104 578 exponere.
1164 493 1206 557 Et
1238 492 1321 577 quod
1349 492 1389 557 ud

282 605 414 691 priorem
435 605 555 684 attinet,
571 605 790 670 advertendum
809 615 866 686 est,
887 605 971 692 quod
994 614 1080 670 actus
1105 605 1314 670 substantialis
1333 605 1388 690 qui

281 715 334 782 det
356 715 490 801 primum
510 739 575 782 esse
597 717 741 797 materie,
756 717 804 784 vel
825 717 970 802 potentiae
992 717 1118 783 cuilibet
1140 718 1258 781 tenenti
1276 716 1385 782 simili-

281 825 420 890 tudinem
440 849 510 891 cum
533 827 668 906 materia,
685 850 748 892 non
771 836 868 892 estut
891 829 934 892 sic
956 849 1011 892 ens
1026 828 1198 914 physicum,
1215 827 1269 892 sed
1291 837 1386 892 mete·

203 917 208 928 ’
280 937 452 1023 physicum,
467 937 499 1002 id
514 947 560 1002 θεῖ
584 937 748 1004 resultetus
769 939 901 1025 analysis
923 939 1150 1025 metaphysicis,
1164 961 1225 1025 qua
1241 949 1386 1003 unumst

279 1049 362 1114 idern
378 1071 433 1114 ens
447 1049 610 1136 physicum
622 1050 831 1116 consideratur
844 1060 880 1116 ut
895 1051 1064 1116 resolutum
1080 1050 1253 1115 mentaliter
1266 1051 1299 1114 in
1315 1074 1386 1115 suas

279 1170 382 1250 partes
397 1161 629 1248 metaphysicas,
644 1170 680 1226 ut
698 1185 778 1247 saepe
793 1162 978 1228 declaratum
993 1169 1041 1228 est
1061 1162 1125 1228 suis
1139 1161 1223 1226 locis.
1269 1161 1384 1227 Conse·

280 1284 418 1360 quenter,
440 1297 537 1361 quum
561 1298 615 1340 ens
637 1275 889 1362 metaphysicum,
903 1284 938 1340 ut
960 1279 1013 1355 sic,
1036 1298 1099 1341 uon
1121 1275 1231 1340 existet
1250 1276 1385 1362 physice,

280 1386 333 1452 sed
348 1387 382 1452 in
397 1395 546 1472 conceptu
563 1396 694 1467 tantum,
709 1388 817 1472 nequit
832 1387 953 1467 habere,
968 1396 1005 1452 ut
1023 1388 1074 1468 sic,
1091 1387 1224 1472 aliquem
1240 1387 1385 1452 virtutem

279 1500 398 1564 finitem
422 1509 474 1565 aut
493 1499 664 1578 infinitem3
687 1499 787 1564 omnis
809 1500 890 1564 enim
905 1499 951 1564 vis
973 1499 1152 1584 productiva
1172 1521 1274 1563 rerum
1295 1498 1386 1563 debet

280 1634 346 1679 csse
360 1613 393 1676 in
408 1619 478 1678 ente
495 1612 621 1698 physice
635 1611 792 1690 existente,
809 1622 844 1675 ut
866 1619 960 1696 patet.
1008 1611 1041 1676 Si
1055 1633 1126 1676 vero
1141 1620 1226 1675 ectus
1242 1610 1384 1674 substan-

279 1723 360 1788 tielis
375 1723 583 1788 consideretur
597 1732 633 1788 ut
655 1733 701 1788 est
716 1721 841 1808 physice
856 1722 988 1787 existens
1009 1722 1043 1786 in
1058 1745 1113 1786 suc
1133 1722 1269 1801 materia,
1284 1723 1319 1786 id
1336 1731 1383 1785 θεῖ

278 1835 313 1899 in
327 1842 398 1900 ectu
414 1835 557 1914 secundo,
568 1835 629 1900 iem
644 1834 811 1900 constituet
826 1834 989 1900 intrinsece
1003 1833 1106 1918 ipsum
1120 1856 1175 1898 ens
1190 1833 1384 1918 productum.

279 1946 458 2012 Absurdum
471 1956 573 2012 autem
589 1956 635 2013 θεῖ
650 1968 783 2032 quaerere
792 1945 941 2011 rationem
956 1945 1166 2030 productionis
1178 1946 1259 2010 entis
1272 1946 1306 2008 in
1321 1967 1384 2010 uno

279 2081 316 2124 ex
340 2059 403 2124 suis
427 2059 631 2124 constitutivis
654 2058 835 2136 intrinsecis,
851 2081 948 2143 quum
973 2058 1096 2122 nullum
1122 2080 1176 2122 ens
1198 2057 1383 2143 productum

279 2170 390 2237 habeat
415 2170 449 2236 in
473 2171 573 2256 seipso
595 2169 744 2235 rationem
771 2170 820 2234 sui
843 2191 917 2234 esse.
963 2169 1030 2234 Nec
1055 2169 1137 2234 dicas
1160 2170 1218 2233 hoc
1241 2192 1295 2233 ens
1318 2191 1383 2233 esse

277 2282 463 2368 productum
492 2290 614 2350 tantum
643 2281 744 2367 quoad
773 2281 851 2346 illud
881 2303 946 2346 esse
976 2281 1059 2366 quod
1089 2281 1198 2365 accipit
1232 2281 1383 2345 terminus

279 2404 421 2462 actuatus
439 2417 457 2459 a
477 2394 585 2474 forma,
601 2415 665 2458 non
679 2415 749 2458 vero
773 2391 874 2477 quoad
893 2414 958 2456 esse
978 2392 1075 2476 ipsius
1094 2391 1199 2457 formae
1222 2393 1382 2464 estuantis.

279 2507 371 2586 Nam,
388 2529 484 2592 quum
510 2527 577 2572 esse
602 2513 688 2571 ectus
713 2505 746 2569 in
767 2525 823 2569 suo
844 2503 977 2570 termino
1003 2505 1180 2568 sitonicum
1203 2513 1234 2568 et
1260 2504 1384 2590 physice

278 2619 411 2702 simplem,
426 2639 489 2683 nou
511 2623 613 2702 potest
637 2638 691 2681 cns
709 2615 861 2680 resultans
884 2636 951 2680 esse
972 2615 1158 2699 productum
1179 2615 1235 2679 sub
1253 2637 1316 2680 uno
1336 2639 1383 2680 re-

279 2737 385 2814 spectu
411 2737 442 2793 et
470 2727 699 2813 improductum
724 2726 782 2792 sub
805 2727 883 2806 ulio;
910 2728 969 2792 hoo
997 2727 1079 2792 enim
1109 2727 1277 2812 requireret
1307 2727 1383 2792 duas

279 2840 422 2906 entitates
437 2839 562 2924 physice
582 2838 760 2904 distinctas:
784 2846 815 2903 et
837 2861 934 2923 quum
952 2848 1038 2904 actus
1056 2862 1216 2924 nunquam
1238 2840 1278 2904 sit
1300 2848 1384 2906 extre

279 2973 368 3015 suum
390 2949 566 3027 terminum,
581 2957 657 3013 tunc
677 2956 800 3015 tantum
820 2949 929 3034 incipit
950 2949 1057 3014 haberi
1074 2959 1170 3028 actus,
1186 2949 1309 3035 quondo
1329 2973 1383 3035 per

278 3083 349 3126 cum
368 3060 476 3144 incipit
497 3059 604 3126 haberi
624 3060 774 3126 terminus
796 3061 830 3126 in
851 3071 940 3130 actu:
964 3084 1058 3147 quare
1073 3069 1158 3126 actus
1175 3070 1207 3126 et
1222 3061 1382 3140 terminus,

278 3195 306 3238 v.
323 3194 370 3256 gr.
386 3172 484 3236 forme
497 3180 529 3236 et
543 3171 680 3251 materie,
695 3194 859 3257 perunum
875 3173 1107 3257 productionem
1123 3172 1216 3242 simul
1229 3172 1383 3257 accipiunt

279 3305 353 3348 esse.
398 3283 502 3367 Atque
515 3283 574 3348 hoc
588 3282 753 3348 clarissime
768 3291 853 3368 patet
866 3284 901 3347 in
914 3284 1021 3351 formis
1040 3283 1116 3368 ipsis
1131 3283 1380 3351 accidentalibus.

280 3394 331 3458 Sic
353 3392 541 3479 impossibile
564 3401 622 3472 est,
642 3392 878 3459 determinatum
903 3403 1023 3464 motum
1046 3417 1112 3460 esse
1135 3393 1331 3479 productum,
1352 3403 1383 3460 θῖ

279 3505 344 3570 eius
366 3505 554 3572 velocitatem
569 3527 634 3573 esse
651 3505 895 3588 improductem3
920 3505 974 3570 sed
989 3528 1110 3570 necesse
1124 3514 1177 3576 est
1192 3513 1267 3576 tuno
1284 3506 1383 3590 primo

278 3617 411 3701 incipere
431 3640 496 3680 esse
510 3615 701 3681 velocitatem
723 3615 798 3696 eius,
815 3616 938 3702 quando
954 3617 1053 3700 primo
1070 3617 1179 3701 incipit
1195 3639 1260 3688 esse
1280 3625 1383 3686 motus

277 3731 311 3797 in
327 3732 444 3798 mobili.
488 3731 641 3796 Velocitas
661 3731 742 3796 enim
761 3731 813 3794 illa
835 3753 963 3800 numero
978 3741 1027 3795 cst
1039 3731 1138 3796 forma
1157 3731 1240 3796 illius
1254 3754 1382 3796 numero

278 3853 390 3928 motus,
406 3852 437 3908 et
451 3843 562 3908 nullibi
576 3841 731 3908 invenitur
750 3841 811 3907 nisi
832 3842 865 3906 in
880 3842 933 3906 illo
948 3851 1045 3909 motu.
1091 3843 1173 3906 Item
1194 3843 1383 3928 impossibile

279 3965 326 4020 est
341 3956 444 4021 datam
467 3955 615 4040 sphaeram
636 3976 702 4018 csse
723 3955 914 4039 productum,
929 3962 960 4018 et
980 3954 1045 4020 eius
1060 3954 1295 4039 sphaericitatcm
1317 3977 1382 4020 esse

277 4067 502 4152 improductum
514 4093 523 4147 3
549 4065 602 4131 sed
624 4087 746 4132 necesse
768 4073 815 4130 est
839 4073 914 4130 tunc
937 4066 1037 4150 primo
1060 4066 1295 4151 sphaericitatem
1317 4067 1383 4132 eius

277 4181 411 4264 incipere
436 4201 511 4257 esse,
527 4177 652 4263 quando
673 4177 773 4262 primo
796 4176 904 4262 incipit
926 4199 991 4241 esse
1014 4177 1141 4262 sphaera.
1188 4177 1382 4262 Sphaerioites

277 4293 359 4356 enim
379 4291 443 4355 haec
466 4313 593 4354 numero
615 4298 662 4374 est
681 4289 780 4356 forme
801 4289 894 4354 huius
920 4311 1048 4356 numero
1069 4289 1204 4373 sphaerae,
1221 4298 1252 4354 et
1272 4290 1383 4357 nullibi
