3186 4982
188 403 263 450 von.
280 383 335 468 11.]
514 405 675 450 snorum
689 405 730 450 nr
744 404 963 450 nunrosuns.
981 410 983 416 ·
1222 387 1289 452 273

187 581 251 620 vero
271 565 377 620 numeri
396 564 530 636 abstracti,
550 584 635 639 quum
654 567 759 622 nullam
779 567 986 622 determinatam
1004 567 1147 622 materiam
1163 565 1289 636 habeant,

188 655 252 706 sunt
264 667 357 706 omnes
368 650 537 723 homogenei,
550 657 579 706 et
589 670 645 706 non
656 652 785 707 differunt
796 651 850 706 nisi
860 653 890 708 in
902 652 989 726 specie
1000 652 1114 707 numeri.

127 764 132 774 r
223 739 288 810 Pap.
302 739 363 794 378.
376 739 422 793 tin.
438 739 479 794 19.
497 741 527 793 6ο
538 737 663 812 Denique
674 744 725 796 etc.
737 758 816 810 eaeque
828 742 932 812 adpay.
945 741 1006 795 379.
1019 740 1064 795 lin.
1079 740 1121 796 14.
1134 739 1188 794 dele
1199 745 1289 810 totum,

189 830 215 878 et
226 825 348 878 abactae
357 831 387 878 ut
398 825 528 896 aequiter:

226 909 307 976 Quod
317 928 382 965 vero
400 910 500 965 attinet
515 909 550 965 ad
566 909 649 966 verba
666 908 831 979 Aristotelis,
844 910 989 966 dicendum
1006 915 1055 981 est,
1067 910 1234 967 additionem
1245 910 1290 966 vel

190 995 402 1051 subtractionem
419 996 532 1052 unitatis
555 1015 611 1051 non
633 997 694 1051 ideo
718 997 835 1070 speciem
853 995 959 1052 numeri
982 1002 1087 1052 mutare
1107 997 1172 1070 quia
1194 997 1292 1052 ultima

190 1084 280 1139 unitas
292 1085 340 1139 det
356 1084 474 1157 speciem
485 1101 607 1154 numero,
619 1083 666 1139 aed
678 1084 750 1156 quie,
763 1089 869 1139 mutata
880 1084 919 1140 sio
936 1085 1087 1156 quantitate
1099 1085 1141 1140 rei
1152 1101 1291 1140 menerua-

190 1170 262 1238 bilis,
283 1170 359 1241 ratio,
380 1187 429 1226 seu
444 1170 585 1241 habitudo,
602 1171 749 1226 mensurati
768 1172 803 1226 ad
821 1189 974 1228 meneutam
991 1173 1064 1244 (quae
1083 1177 1125 1226 est
1141 1172 1291 1228 formalitas

191 1256 309 1326 numeri)
322 1257 355 1310 fit
372 1256 427 1311 alia
441 1260 470 1312 et
484 1256 546 1326 elie,
558 1261 591 1310 ut
605 1275 632 1311 n.
645 1274 724 1330 praec.
738 1261 876 1312 ostensum
893 1262 941 1313 est
979 1258 1060 1324 Quod
1077 1262 1169 1314 autem
1188 1259 1290 1332 species

191 1359 280 1396 rerum
298 1341 462 1397 naturalium
482 1359 511 1396 se
530 1341 650 1397 habeant
669 1343 741 1398 sicut
760 1342 862 1415 species
884 1361 1065 1412 numerorum,
1085 1361 1180 1398 verum
1197 1349 1246 1414 est,
1268 1344 1292 1400 si

191 1427 360 1500 intelligetur
377 1429 411 1484 (le
422 1428 457 1484 iis
473 1427 586 1499 naturis,
598 1445 712 1500 quarum
730 1428 829 1483 entitas
847 1428 970 1501 specifica
983 1429 1096 1484 resultet
1106 1447 1141 1484 ex
1158 1429 1292 1502 composi·

191 1514 266 1570 tione
277 1514 411 1587 partium,
429 1514 494 1586 quia
504 1515 574 1568 tales
585 1519 688 1569 natura
700 1519 814 1588 possunt
830 1515 929 1570 habere
940 1515 1026 1586 magis
1038 1516 1083 1570 vel
1093 1516 1184 1570 minus
1195 1533 1291 1570 secun-

193 1600 259 1655 dum
270 1601 418 1671 materiam,
429 1600 500 1656 sicut
508 1606 537 1655 et
547 1600 667 1670 numeri3
686 1601 758 1655 unde
769 1601 799 1654 in
807 1600 863 1654 illis
874 1618 922 1673 pro
932 1601 985 1655 alio
997 1606 1025 1656 et
1036 1601 1091 1655 alio
1099 1602 1293 1656 elementorum

192 1706 304 1743 numero
321 1687 465 1743 habebitur
481 1687 557 1742 aliud
571 1693 599 1742 et
611 1686 685 1742 eliud
702 1693 820 1760 systema
836 1688 1005 1757 moleculare,
1018 1689 1053 1743 ob
1071 1689 1153 1742 eliam
1164 1695 1193 1742 et
1210 1688 1292 1744 aliem

191 1775 332 1830 formalem
339 1773 565 1848 conspirationem
576 1773 769 1846 principiorum
779 1773 944 1846 simplicium
955 1774 990 1828 ad
998 1779 1123 1829 naturam
1133 1792 1217 1829 unam
1228 1792 1293 1829 oon·

192 1849 366 1916 stituendam.
403 1859 458 1916 Sed
469 1859 493 1914 si
505 1860 609 1916 dictum
620 1859 775 1915 Aristotelis
787 1859 937 1932 applicetur
949 1859 1106 1916 substantiis
1118 1860 1292 1932 simplicibus,

194 1947 245 2003 erit
262 1947 342 2019 plane
352 1947 459 2015 falsum,
472 1946 537 2018 quia
546 1947 640 2001 formae
652 1946 817 2020 simplicium
834 1964 890 2000 non
900 1947 1033 2000 resultant
1050 1965 1085 2000 ex
1096 1946 1216 2020 plurium
1228 1965 1294 2002 oon·

193 2032 355 2107 spiratione:
376 2033 445 2088 unde
457 2033 548 2106 potius
559 2033 703 2088 dicendum
714 2037 764 2100 est,
774 2033 847 2104 quod
858 2033 960 2106 species
971 2032 1135 2105 simplicium
1149 2039 1213 2088 sunt
1224 2033 1295 2090 sicut

194 2119 296 2193 species
316 2119 513 2189 continuorum,
534 2136 595 2190 quae
618 2137 674 2174 non
693 2119 823 2174 differunt
841 2119 964 2193 specifice
985 2119 1133 2174 secundum
1156 2118 1243 2191 magis
1266 2125 1295 2175 et

193 2203 292 2272 minus,
313 2203 361 2257 sed
380 2203 528 2258 secundum
551 2202 625 2276 quod
648 2221 698 2274 res,
710 2204 740 2258 in
763 2221 817 2276 qua
838 2209 882 2258 est
901 2202 1073 2273 continuitas,
1086 2208 1128 2258 est
1152 2204 1234 2259 huius
1250 2206 1296 2260 vel

195 2289 307 2344 alterius
318 2287 498 2360 proprietatis,
509 2307 536 2343 v.
549 2308 587 2361 gr.
600 2289 630 2343 in
642 2289 730 2363 specie
742 2289 879 2362 temporis,
891 2295 939 2344 aut
951 2289 1096 2360 distantia,
1109 2294 1157 2345 aut
1167 2295 1266 2347 motus.

231 2375 296 2444 Pap.
309 2375 369 2429 380.
382 2374 426 2428 lia
442 2375 482 2428 15.
501 2379 559 2430 toto
572 2375 639 2430 adde
650 2380 678 2430 et
689 2375 909 2448 concipiebantur

232 2461 297 2532 Pap.
310 2461 371 2515 896.
384 2461 427 2516 aa.
442 2461 482 2515 18.
502 2459 845 2534 sedipsam'entitatemsui
854 2461 1296 2536 fimdamentiformelitersumpti,
1346 2490 1350 2500 »

196 2549 297 2618 corripe
307 2547 353 2602 sed
372 2547 514 2602 entitatem
526 2548 637 2602 rationis
654 2548 816 2604 existentem
827 2549 976 2604 formaliter
992 2549 1022 2603 in
1036 2548 1186 2620 intellectu,
1198 2549 1296 2607 funda·

196 2635 352 2689 mentaliter
362 2651 426 2690 vero
438 2639 466 2688 et
476 2634 651 2689 materialiter
661 2635 690 2689 in
702 2635 788 2705 rebus,
801 2653 836 2690 ex
847 2635 945 2708 quibus
956 2635 1074 2690 resultat.

232 2721 298 2792 Pap.
311 2721 371 2776 407.
384 2721 428 2774 lira
443 2720 485 2790 12,
499 2721 540 2775 13.
559 2720 661 2794 species
677 2738 871 2792 mensurarum,
888 2721 985 2794 quibus
998 2727 1187 2778 mensurantur
1199 2723 1298 2796 maipa

197 2807 328 2864 rationem
339 2807 488 2862 mensurati
499 2807 535 2862 ad
546 2823 623 2863 suam
634 2825 788 2864 mensuram
