3240 4986
261 314 304 378 88
717 333 760 379 nr
777 333 908 380 nonno.
1235 309 1323 395 [car.
1340 327 1365 372 r.

260 495 492 564 constitutivum
501 495 627 564 formale
641 520 698 584 pro
712 519 803 562 causa
813 495 961 562 efficiente
974 493 1099 582 accepit.
1138 493 1178 559 In
1192 494 1365 561 substantia

260 607 409 673 materiali
430 617 517 676 actus
534 617 566 675 et
584 609 735 674 terminus
754 608 901 674 dicuntur
919 608 1017 672 forma
1039 614 1070 672 et
1087 607 1224 686 materia,
1238 606 1271 670 in
1292 587 1365 671 sub·

262 719 374 784 stantia
388 719 540 806 spirituali
555 720 700 787 dicuntur
714 729 800 786 aetus
820 728 852 784 et
866 719 1014 806 potentia,
1029 718 1063 783 in
1078 719 1145 784 Deo
1159 741 1240 798 vero,
1254 717 1289 782 in
1303 738 1365 804 quo

263 830 348 895 nulla
373 843 420 896 est
445 833 663 917 potentialius,
687 832 834 898 dicuntur
863 831 1048 917 principium
1076 839 1107 896 et
1136 829 1364 916 principiatum·

263 941 374 1006 Forma
387 941 440 1008 dat
454 965 521 1009 esse
535 943 686 1008 materia:
709 953 796 1008 actus
810 942 1034 1028 cognoscitirus
1051 941 1104 1006 dat
1118 963 1184 1006 esse
1197 940 1365 1026 ,cognitioni

263 1053 329 1120 sui:
351 1052 438 1118 Deus
454 1054 544 1120 Pater
560 1054 612 1119 dat
634 1077 700 1120 esse
716 1054 813 1120 Filios
835 1053 1020 1140 quaomnia
1040 1052 1104 1118 suis
1117 1052 1191 1118 locis
1205 1052 1366 1137 explanata

262 1173 348 1230 sunt.
391 1165 500 1231 Fichte
524 1173 628 1230 autem
653 1165 697 1230 sio
720 1165 841 1230 ridetur
866 1164 1065 1230 ratiocinatus
1087 1185 1170 1230 esse:
1204 1164 1290 1238 Qreod
1312 1165 1365 1228 dot

256 1277 355 1359 pomo
377 1297 439 1341 ease
460 1278 550 1342 alicui
571 1279 615 1342 rei
638 1285 718 1341 meat
743 1299 824 1341 rem:
846 1278 931 1360 utqui
953 1284 1037 1342 actua
1058 1278 1213 1341 intuitivae
1229 1277 1281 1340 dot
1303 1297 1365 1340 esse

261 1389 414 1453 intuitioni
427 1391 475 1454 aa
489 1391 590 1473 pan,
604 1390 667 1453 aas
681 1410 741 1472 qua
755 1411 813 1453 non
835 1397 879 1453 ea
893 1389 1066 1461 amarem
1087 1371 1155 1473 erqo
1170 1388 1363 1452 actm-tutat-

262 1501 339 1564 tiuus
364 1509 444 1566 ereot
468 1523 500 1566 se
523 1503 691 1566 intuentem.
739 1502 799 1575 Qut
820 1521 888 1585 erpo
911 1501 983 1567 dicit
1006 1499 1077 1564 Eoo
1100 1496 1259 1564 sorraco
1284 1507 1364 1564 ucat

259 1612 420 1695 aetpsum*.

305 1722 395 1802 Puto,
411 1745 473 1788 non
496 1723 586 1788 aliam
602 1745 667 1788 esse
681 1723 761 1789 viam
781 1723 952 1809 explicandi
966 1721 1120 1809 quomodo
1134 1721 1174 1787 ad
1195 1721 1274 1786 hana
1289 1743 1362 1786 eon·

260 1832 428 1898 elusionem
454 1834 625 1919 pervenerit
642 1834 761 1899 Fiehte.
806 1834 868 1899 Sed
891 1835 916 1898 si
938 1834 1004 1899 haee
1026 1833 1104 1897 ratio
1127 1832 1362 1916 argumentandi

260 1943 377 2029 aliquid
390 1945 513 2025 valeret,
525 1946 648 2011 evidens
663 1955 710 2010 est
725 1945 809 2031 quod
822 1946 923 2010 omnis
933 1943 1032 2010 forma
1046 1943 1174 2009 dicenda
1187 1952 1268 2008 esset
1282 1944 1360 2029 seip-

260 2077 324 2135 sam
344 2077 445 2133 creare
455 2083 465 2135 3
487 2057 699 2143 etenimquod
721 2058 774 2123 dat
789 2058 880 2123 alicui
897 2058 942 2123 rei
960 2057 1060 2142 primo
1081 2079 1156 2135 esse,
1172 2064 1253 2120 creat
1274 2078 1360 2120 rem:

260 2165 314 2230 sed
328 2168 427 2232 forma
441 2167 493 2233 dat
508 2191 574 2234 esse
588 2191 652 2234 suae
665 2170 810 2250 materiae,
822 2169 888 2234 sine
902 2192 963 2253 qua
977 2191 1040 2233 non
1055 2177 1135 2232 esset
1149 2168 1246 2233 forma
1254 2193 1264 2246 3
1287 2189 1361 2252 ergo

257 2277 357 2343 forma
382 2288 463 2345 creat
489 2281 630 2366 seipsam.
674 2281 716 2345 Et
740 2281 847 2346 eodem
870 2282 962 2346 modo
986 2280 1150 2345 dicendum
1175 2288 1254 2344 esset
1278 2279 1361 2365 quod

258 2389 346 2455 Deus
360 2392 451 2457 Pater
465 2401 547 2457 meat
561 2393 695 2477 seipsum
711 2392 786 2458 dum
801 2401 927 2477 generat
941 2391 1064 2457 Filium.
1111 2390 1172 2456 Sed
1191 2391 1239 2456 hae
1254 2390 1360 2456 absur-

258 2501 371 2566 ditates
385 2503 489 2567 statim
512 2501 721 2588 disparebunt,
737 2503 763 2566 si
785 2502 994 2588 distinguatur
1011 2524 1119 2568 sensus
1133 2502 1359 2587 propositionis,

257 2613 291 2676 in
305 2636 366 2699 qua
380 2622 446 2678 tota
468 2614 693 2699 argumentatio
706 2614 827 2678 nititur.
873 2612 966 2690 Quod
980 2613 1033 2679 dat
1047 2636 1113 2678 esse
1127 2613 1171 2677 rei
1193 2617 1359 2697 ffcimter,

257 2735 339 2792 creat
352 2750 418 2791 rem
426 2753 436 2806 3
459 2727 653 2792 conceditur:
676 2726 760 2812 quod
774 2727 827 2791 dat
848 2750 915 2792 esse
929 2726 974 2791 rei
981 2727 1163 2811 formaliter,
1179 2736 1260 2791 creat
1275 2750 1358 2806 rem3

257 2847 397 2922 negatur.
443 2837 576 2915 Quando
597 2859 672 2922 ergo
695 2831 806 2923 aliquis
828 2838 928 2923 primo
951 2838 1025 2903 dicit
1046 2839 1115 2922 Epo
1135 2861 1199 2902 sum
1220 2861 1273 2924 epo
1295 2861 1358 2903 non

256 2960 338 3016 creat
360 2950 504 3034 seipsum,
519 2950 592 3034 quia
607 2972 672 3014 non
691 2958 792 3035 potest
813 2973 904 3035 agere
921 2951 1097 3031 efficienter,
1112 2950 1172 3014 nisi
1188 2951 1275 3036 prius
1298 2952 1359 3031 sit-3

220 3043 224 3048 ⁵
257 3061 311 3127 sed
330 3070 452 3126 tantum
474 3061 673 3126 constituitur
692 3062 726 3125 in
748 3063 848 3147 seipso
866 3062 1043 3127 formaliter.
1089 3063 1186 3127 Actus
1206 3037 1289 3126 enirn
1308 3062 1361 3127 ille

255 3173 375 3258 primus
394 3171 566 3252 intuitivus,
587 3172 641 3258 qui
664 3171 717 3236 dat
735 3194 801 3237 esse
823 3171 982 3237 intuitioni
1006 3172 1054 3236 sui
1079 3171 1186 3257 ipsius,
1204 3181 1251 3236 est
1273 3181 1359 3238 actus

254 3283 482 3370 metaphysicus
515 3283 573 3348 sub
602 3283 777 3368 praecisione
806 3284 933 3349 mentali
969 3283 1189 3364 consideratus,
1219 3300 1255 3348 ut
1285 3284 1358 3350 alibi

291 3451 309 3489 ¹*
326 3447 440 3519 Propter
453 3445 524 3503 hanc
535 3447 745 3521 pantheisticam
756 3447 998 3516 ratiocinationem,
1011 3452 1040 3503 at
1051 3446 1117 3503 alias
1129 3437 1239 3518 similes,
1252 3465 1360 3504 neeesse

255 3541 297 3590 est
308 3534 494 3608 metaphysica
504 3552 595 3590 rarum
612 3533 791 3590 constitutiva
801 3536 872 3590 clara
885 3540 914 3590 et
930 3535 1059 3591 distincte
1071 3551 1230 3607 cognoscere
1242 3535 1293 3591 snb
1308 3553 1359 3590 nc-

255 3621 375 3677 tionibus
387 3628 466 3691 maes,
474 3622 581 3677 mutini
589 3627 617 3677 et
628 3622 737 3676 unitatae
747 3621 912 3676 moultantia.
944 3622 1011 3678 Ideo
1022 3640 1077 3677 non
1088 3622 1223 3677 inutiliter
1234 3621 1294 3678 haec
1306 3623 1360 3678 tria

255 3710 310 3765 suis
329 3709 397 3764 locis
414 3708 569 3782 specialiter
589 3707 819 3763 consideravimus
838 3707 868 3762 in
886 3707 1038 3763 substantia
1055 3713 1117 3763 tum
1136 3709 1280 3778 materiali,
1298 3713 1359 3764 turn

256 3795 391 3869 spirituali
410 3800 509 3864 ereata,
528 3794 613 3849 immo
632 3794 739 3868 inipso
751 3794 845 3850 divina
863 3794 985 3850 entitate.
1021 3794 1191 3867 Philosophi,
1209 3796 1256 3867 qui
1273 3797 1307 3850 da
1325 3795 1359 3851 iis

255 3882 451 3955 investigandis
462 3899 518 3936 non
535 3880 653 3935 mulum
665 3886 768 3950 curant,
780 3880 829 3936 vix
846 3885 973 3954 potenrnt
983 3881 1136 3952 intelligere
1147 3881 1360 3954 pantheisticum

254 3987 409 4044 processum
420 3969 450 4023 in
461 3968 654 4037 ratiocinando,
667 3972 696 4022 et
707 3968 913 4040 consequentias
923 3968 1033 4040 quidem
1044 3973 1076 4022 ut
1087 3967 1215 4024 absurdas
1227 3968 1358 4039 reiicient,

255 4059 303 4113 sed
314 4057 435 4113 fallacias
445 4056 475 4111 in
486 4054 626 4128 principiis
637 4055 754 4110 latentes
765 4072 820 4109 non
831 4054 910 4110 facile
921 4054 1107 4126 pervidebunt
1143 4055 1191 4122 At,
1204 4055 1359 4111 notionibus

254 4146 310 4200 illis
321 4144 407 4199 tribus
419 4143 500 4216 probe
512 4141 668 4210 intellectis,
675 4159 731 4196 non
743 4141 861 4197 difficilis
872 4142 904 4196 fit
916 4142 1014 4196 directo
1023 4142 1109 4196 totitas
1120 4141 1285 4214 pantheismi
1297 4161 1358 4215 ger·

254 4231 354 4286 manici
369 4228 504 4297 nictatio,
517 4244 578 4301 quaa
594 4227 706 4292 haeresis
724 4246 755 4282 eu
772 4227 848 4282 uerbo
865 4227 1013 4284 inordinato
1024 4227 1068 4283 vel
1089 4225 1208 4282 maxime
1226 4233 1285 4284 orta
1301 4246 1359 4284 esse

256 4319 371 4376 ridetur.
