3240 4986
220 382 290 432 cse.
305 364 358 450 a]¹
677 387 719 432 oa
737 387 866 434 uuuoo.
1263 365 1316 431 '91

220 577 311 640 quam
326 555 383 620 bos
398 555 531 622 diversos
546 566 687 643 aspectus
700 568 732 624 et
746 559 803 624 has
820 557 1025 644 apparitiones
1039 557 1198 644 explicare,
1214 555 1322 622 saltem

220 671 441 754 praesupposito
466 670 635 752 intellectu,
660 673 711 736 cui
737 674 821 737 tieret
848 671 1061 737 manifestatio.
1118 669 1211 748 Quod
1240 668 1322 733 enim

219 778 309 865 plura
333 781 500 847 formaliter
522 783 670 863 continet,
685 792 787 869 potest
810 791 993 868 praesentare
1016 805 1049 846 se
1072 781 1242 847 intellectui
1264 780 1322 845 sub

219 892 277 956 hac
291 893 486 974 formalitate,
501 895 548 960 vel
563 894 621 960 sub
636 895 704 962 alia.
740 895 801 960 Sed
816 895 841 960 si
856 894 889 958 in
903 894 971 959 Deo
986 917 1034 959 res
1048 917 1112 959 non
1127 894 1324 959 continentur

221 1004 278 1068 sub
301 1006 433 1090 propriis
454 1007 570 1087 formis,
587 1008 733 1093 quaeritur
753 1006 906 1092 quomodo
928 1028 1072 1090 apparere
1094 1005 1206 1092 poterit
1223 1004 1323 1069 Abso-

221 1114 322 1180 lutum
338 1116 395 1180 sub
410 1116 605 1184 diversisillis
620 1117 802 1202 aspectibus.
836 1116 979 1180 Diximus
994 1117 1076 1182 enim
1092 1116 1280 1181 diversitates
1291 1124 1323 1180 ct

220 1229 427 1313 oppositiones
441 1229 513 1294 oriri
524 1252 560 1294 er
570 1231 722 1295 distinctis
733 1228 849 1293 formis.
895 1227 1035 1311 Spatium
1046 1249 1175 1293 vacuum
1189 1235 1220 1291 et
1235 1226 1323 1292 abso·

222 1339 322 1405 lutum
332 1341 469 1406 continet
480 1342 650 1406 eminenter
660 1363 783 1405 omnem
792 1341 933 1425 liguram,
944 1338 997 1403 sed
1008 1339 1125 1404 nullam
1136 1338 1321 1404 formaliter:

222 1451 380 1535 supposito
402 1474 475 1537 ergo
497 1452 599 1538 aliquo
622 1453 761 1516 intuente
779 1472 920 1530 vacuum,
935 1471 1003 1535 quae
1022 1450 1121 1534 figura
1142 1447 1323 1534 apparebit?

223 1563 318 1628 Nulla
328 1585 470 1649 prorsas:
488 1563 560 1649 quia
574 1573 610 1629 ut
624 1563 720 1649 possit
731 1583 873 1647 apparere
887 1570 968 1640 actu,
981 1560 1072 1626 debet
1082 1569 1153 1626 actu
1167 1541 1237 1626 talis
1248 1583 1325 1641 esse,

222 1674 540 1769 etnonestactutalis
551 1674 611 1739 nisi
622 1672 1096 1759 pertalempropriamformam:
1115 1680 1323 1758 quamantem

223 1785 287 1849 haec
301 1785 399 1849 forma
414 1795 485 1850 actu
495 1809 558 1851 non
574 1787 613 1851 sit
625 1785 825 1871 praedicabilis
839 1784 877 1860 de
893 1784 991 1869 spatio
1003 1783 1153 1864 absoluto,
1162 1793 1194 1850 et
1205 1806 1268 1853 non
1284 1785 1324 1851 sit

222 1896 256 1960 in
272 1918 317 1976 eo,
329 1919 452 1962 necesse
465 1907 512 1962 est
527 1898 643 1983 aliquid
658 1905 729 1963 actu
740 1918 852 1981 ponere
867 1895 1045 1960 distinctum
1057 1918 1075 1960 a
1089 1896 1197 1981 spatio,
1207 1905 1243 1961 ut
1254 1897 1325 1961 talia

223 2009 322 2092 figura
336 2010 434 2095 possit
446 2009 481 2074 in
496 2011 596 2096 spatio
610 2031 763 2095 apparere.
809 2007 955 2074 Similiter
968 2030 1052 2092 ergo,
1064 2030 1160 2093 quum
1174 2009 1325 2074 resfinitae

224 2141 287 2183 non
298 2120 360 2184 sint
374 2121 542 2186 formaliter
553 2121 585 2186 in
600 2129 671 2186 ente
680 2119 819 2186 absoluto
834 2128 864 2184 et
872 2118 1003 2196 infinito,
1014 2139 1077 2182 non
1089 2126 1221 2202 possunt
1232 2141 1324 2204 appa·

224 2229 329 2294 rentiae
343 2251 445 2294 rerum
460 2232 617 2296 finitarum
632 2231 733 2295 locum
747 2229 859 2295 babere
873 2251 927 2314 per
941 2228 1038 2294 solam
1052 2229 1244 2312 praesentiam
1256 2229 1325 2294 infi-

226 2341 282 2408 niti
289 2368 300 2420 ;
322 2365 445 2408 necesse
459 2354 506 2408 est
520 2366 594 2427 ergo
605 2343 720 2428 aliquid
734 2364 847 2428 ponere
861 2341 899 2406 ab
914 2349 985 2404 ente
998 2341 1119 2406 infinito
1134 2339 1324 2422 distinctum,
1379 2401 1382 2407 .

225 2453 306 2538 qnod
321 2477 375 2539 per
390 2478 476 2522 suam
491 2456 620 2522 formam
634 2455 753 2520 finitam
769 2477 801 2518 se
815 2452 955 2518 exhibeat
973 2451 1229 2537 cognoscendum,
1244 2453 1325 2519 etde

225 2588 295 2650 quo,
311 2568 428 2632 ratione
442 2568 525 2633 illius
540 2569 653 2647 formae,
669 2567 852 2652 praedicetur
868 2565 939 2631 talis
952 2565 1000 2630 vel
1014 2565 1084 2632 talis
1098 2566 1210 2631 entitas
1225 2567 1324 2632 finita.

224 2677 265 2743 Et
279 2701 333 2764 per
347 2679 412 2746 baec
426 2688 492 2746 tota
506 2680 717 2764 schellingiani
732 2678 905 2767 systematis
921 2677 1060 2744 machina
1075 2677 1261 2746 dissolvitur.

267 2792 321 2856 22.
346 2791 391 2856 Ut
405 2813 489 2856 nunc
504 2791 619 2877 aliquid
634 2791 771 2858 dicamas
785 2789 824 2856 de
839 2789 1018 2874 Hegelianis
1032 2788 1158 2855 somniis
1170 2789 1254 2872 (nam
1268 2788 1326 2854 hoc

225 2901 511 2986 ipsum-admittunt
529 2903 721 2989 pantheistae,
736 2901 904 2988 praesertim
919 2900 1037 2980 nichae,
1051 2902 1106 2986 qui
1115 2891 1236 2966 'somma
1250 2924 1325 2966 scm-

225 3015 338 3080 niorum
357 3014 490 3098 appellat
507 3036 707 3100 quaecumque
727 3012 929 3098 intelligendo
943 3021 996 3078 aut
1016 3012 1176 3079 sentiendo
1197 3015 1327 3100 percipi-

226 3125 321 3205 mus),
336 3125 466 3190 sufficiet
479 3136 596 3204 notare,
611 3125 694 3190 hunc
709 3132 865 3190 auctorem
886 3124 1019 3189 theorias
1034 3124 1145 3189 Fichtii
1167 3135 1199 3189 et
1222 3126 1326 3192 Schel-

227 3236 325 3322 lingii,
354 3259 430 3323 quas
461 3236 655 3323 imperfectas
683 3244 847 3321 repererat,
873 3235 913 3300 ad
941 3235 1082 3301 ultimam
1110 3238 1327 3322 perfectionem

226 3348 375 3415 adducere
389 3349 518 3414 voluisse
526 3375 537 3429 3
560 3357 744 3434 quapropter
756 3370 821 3412 non
840 3348 976 3432 indiguit
992 3347 1109 3433 aliquid
1123 3349 1193 3414 nori
1208 3352 1328 3436 proprie

228 3460 372 3540 invenire,
388 3460 442 3526 sed
463 3468 585 3526 tantum
605 3460 838 3546 consequentias
857 3460 1005 3545 quasdam
1019 3482 1056 3524 ex
1075 3460 1233 3546 principiis
1246 3463 1329 3547 ipso-

228 3593 297 3641 rum
312 3570 470 3638 deducere.
516 3572 550 3636 Si
564 3571 657 3650 enim,
673 3571 759 3636 iuxta
781 3569 949 3654 Schelling,
966 3571 1169 3655 apparitiones
1183 3573 1328 3638 Absoluti

229 3704 291 3748 non
312 3682 427 3748 habent
449 3684 481 3748 in
496 3684 563 3767 ipso
577 3681 728 3748 Absoluto
743 3682 838 3746 ullam
857 3681 1024 3746 realitatem
1039 3681 1228 3764 obiectivam,
1243 3695 1329 3750 an'te·

229 3818 320 3880 qnam
335 3797 421 3875 fiant,
437 3795 587 3880 apparitio
600 3794 743 3859 Absoluti
758 3792 816 3857 snb
832 3793 935 3877 aliquo
948 3803 1073 3877 aspectu
1087 3801 1133 3857 est
1147 3793 1248 3878 ipsum
1256 3796 1330 3878 fieri

230 3908 406 3973 Absolutum
419 3911 472 3972 aad
487 3909 543 3972 tali
557 3915 684 3992 aspectu
729 3905 770 3970 Et
790 3914 1010 3988 consequenter
1031 3904 1201 3970 subiectum
1216 3907 1254 3970 de
1270 3930 1331 3992 quo

229 4019 411 4104 praedicatur
422 4019 505 4105 quod
519 4028 654 4104 apparet,
666 4019 699 4083 in
712 4027 833 4082 tantum
847 4025 905 4095 est,
915 4016 947 4079 in
963 4026 1112 4101 qnantum
1121 4017 1157 4080 fit
1171 4018 1332 4102 apparitio.

233 4129 380 4195 Similiter
394 4130 599 4195 manifestatio
610 4128 726 4194 nemini
740 4136 841 4213 potest
849 4127 926 4206 fieri,
935 4149 1032 4214 quum
1046 4126 1125 4190 nihil
1140 4126 1249 4192 existat
1260 4137 1333 4194 ante

232 4243 464 4328 apparitionem,
487 4242 547 4306 nisi
570 4231 672 4327 ipsum
694 4239 898 4305 Absolutum:
922 4246 1151 4323 consequenter,
1175 4238 1201 4302 si
1224 4239 1274 4304 cui
1297 4243 1333 4306 fit

232 4354 391 4439 apparitio,
406 4351 484 4418 illud
504 4376 559 4418 ens
578 4353 628 4418 cui
642 4353 678 4417 fit
688 4349 847 4441 ‘apparitio
866 4359 913 4415 est
927 4348 1077 4414 terminus
1091 4371 1146 4433 per
1165 4349 1263 4434 ipsam
1278 4375 1331 4437 ap-
