3240 4986
247 349 319 393 cur.
338 331 393 415 ru]
549 353 591 395 nn
609 351 753 396 scriouu
770 352 828 396 our
845 351 882 408 ru
900 352 1030 396 nunno.
1287 331 1350 394 153

246 524 357 594 entem,
385 515 453 580 ideo
475 517 599 582 nomine
621 539 786 581 concursus
809 517 943 582 strictius
966 517 1150 602 intelligitur
1172 519 1349 600 comminutio

246 629 393 691 actionum
407 629 448 692 ad
460 629 638 711 ffeieadum
652 653 741 692 unum
755 652 873 694 numero
894 631 1049 714 effectum:
1072 637 1103 692 et
1127 628 1169 693 sic
1187 650 1352 692 concursus

246 737 393 822 accipitur
413 739 588 804 formaliter.
634 739 722 804 Idem
744 763 910 807 concursus
925 741 950 804 si
966 740 1131 826 accipiatur
1145 739 1349 819 materialiter,

247 847 367 913 definiri
391 851 504 934 poterit
530 853 607 914 actio
631 875 696 915 com
721 851 782 914 ulio
802 853 925 916 ¹·cetione
950 855 1120 936 conspirans
1146 853 1177 914 ia
1202 852 1350 934 efficiendo

245 983 334 1023 uuam
348 983 465 1024 auowro
481 962 622 1045 effectum.
670 961 753 1026 Hinc
768 962 1019 1046 quotiescumque
1034 961 1165 1026 habetur
1184 983 1350 1025 concursus

246 1073 348 1135 stricte
367 1082 519 1158 sumptus,
535 1071 688 1160 habentur
705 1073 811 1138 saltem
831 1073 899 1137 duae
917 1095 1015 1137 causae
1038 1073 1201 1137 efficientes
1221 1095 1349 1138 numero

246 1181 407 1262 distinctae,
426 1206 494 1267 quae
516 1192 645 1269 possunt
667 1205 732 1247 esse
754 1183 800 1247 vel
823 1183 958 1247 eiusdem
979 1183 1104 1262 ordinis,
1128 1193 1163 1247 ut
1183 1184 1252 1248 duae
1271 1185 1349 1248 vires

245 1293 401 1357 trahentes
427 1315 523 1358 unum
549 1293 672 1372 mobile,
689 1293 735 1358 vel
764 1294 873 1358 diversi
896 1295 1023 1370 ordinis,
1042 1302 1077 1357 ut
1091 1293 1178 1358 Deus
1202 1304 1233 1358 et
1256 1294 1348 1358 homo

246 1403 336 1467 simul
351 1404 486 1470 effective
500 1405 664 1470 influentes
678 1405 710 1469 in
726 1427 819 1470 unam
835 1415 921 1469 actus
935 1406 1177 1490 productionem.

288 1515 453 1580 Evidenter
478 1524 580 1582 alutem
608 1539 772 1580 concursus
797 1517 921 1602 proprie
945 1526 976 1580 et
1001 1517 1104 1582 stricte
1129 1526 1271 1601 acceptus
1300 1527 1347 1581 est

244 1649 365 1712 semper
387 1627 604 1715 simultaneus:
636 1649 722 1691 secus
740 1650 802 1690 non
822 1637 901 1692 esset
922 1649 1098 1707 concursus,
1117 1627 1170 1692 sed
1181 1651 1348 1712 praecursus

244 1760 283 1800 ex
300 1747 386 1822 parte
406 1738 500 1802 unius
517 1761 633 1817 causae3
656 1747 687 1802 et
707 1739 894 1823 impossibile
913 1748 992 1803 esset
1015 1739 1155 1804 effectum
1176 1763 1240 1804 esse
1255 1740 1345 1804 cffici-

243 1856 330 1912 enter
350 1871 367 1912 a
387 1871 478 1913 causa
497 1859 709 1932 praecurrente,
730 1850 804 1934 quin
825 1872 861 1914 eo
881 1851 947 1936 ipso
968 1873 1058 1914 causa
1078 1850 1266 1935 subsequens
1283 1851 1345 1936 pri-

244 1969 366 2023 varetur
388 1983 443 2023 sua
466 1961 650 2025 causalitate
664 1962 695 2024 in
719 1961 860 2026 eumdem
883 1984 1010 2026 numero
1032 1962 1183 2026 effectum.
1228 1964 1270 2027 nt
1288 1963 1345 2029 hoc

244 2080 290 2135 est
305 2071 382 2135 bene
397 2071 651 2140 considerandum
668 2072 707 2136 ad
722 2072 860 2136 vitandas
877 2072 990 2136 multas
1008 2073 1191 2156 quaestiones
1209 2073 1344 2138 inutiles.

244 2183 326 2247 Nam
347 2183 451 2268 plures
473 2183 616 2267 theologi,
633 2185 685 2268 qui
708 2183 746 2247 de
768 2184 824 2248 hac
847 2205 879 2246 re
901 2183 1134 2268 disputaverunt
1155 2185 1189 2246 in
1210 2193 1343 2276 tractatu

243 2297 292 2359 De
302 2298 413 2380 pretio,
426 2317 487 2358 non
500 2295 573 2359 satis
585 2295 789 2359 distinxerunt
801 2294 947 2358 auxilium
960 2293 1144 2378 praeveniens
1155 2293 1342 2359 voluntatem

243 2406 281 2471 ab
301 2407 368 2491 ipso
386 2429 546 2486 concursu,
561 2414 592 2470 et
612 2407 655 2469 sic
677 2404 882 2469 confuderunt
897 2427 1077 2486 concursum
1093 2427 1164 2469 cum
1179 2404 1341 2488 praedcter-

242 2520 407 2583 minatione
427 2519 571 2606 physica:
594 2541 657 2582 non
679 2519 870 2608 advertentes
890 2519 973 2603 quod
993 2519 1139 2582 auxilium
1154 2519 1341 2603 praeveniens

241 2630 392 2695 antecedit
414 2630 573 2708 actionem,
590 2639 621 2694 et
642 2630 711 2693 idco
733 2630 840 2715 nequit
861 2630 972 2694 habere
994 2630 1143 2694 rationem
1163 2653 1338 2709 concursus,

241 2750 276 2804 ut
291 2742 383 2805 etiam
398 2764 434 2804 ex
449 2741 646 2826 sequentibus
662 2741 760 2825 magis
775 2741 941 2827 apparebit.

276 2857 336 2933 12.
361 2852 515 2931 Quaeritur
531 2853 673 2933 secundo,
690 2855 849 2940 quotuplec
862 2856 902 2917 sit
917 2876 1080 2917 concursus

283 2965 474 3050 Respondeo,
490 2987 669 3030 concursum
692 2988 710 3028 a
731 2964 920 3049 philosophis
943 2973 973 3028 et
986 2963 1144 3048 theologis
1160 2966 1340 3049 generaliter

239 3075 388 3158 distingui
416 3077 515 3159 primo
545 3077 578 3138 in
600 3078 758 3160 physicum
787 3083 817 3139 et
846 3077 993 3154 ewralem,
1023 3085 1114 3160 prout
1143 3077 1267 3162 physice
1293 3078 1339 3141 vel

237 3187 392 3250 moraliter
415 3188 515 3252 influit
537 3188 569 3251 in
592 3188 751 3251 effectum:
775 3186 899 3273 physice
922 3197 1107 3260 concurrunt
1123 3211 1150 3250 v.
1170 3210 1217 3271 gr.
1241 3167 1285 3252 sol
1308 3198 1338 3252 et

238 3306 318 3361 terra
335 3297 374 3361 ad
392 3305 494 3362 motus
512 3297 612 3362 lunae:
636 3297 789 3361 moraliter
809 3298 961 3361 concurrit
984 3297 1075 3361 iudex
1097 3298 1136 3360 ad
1158 3299 1337 3362 occisionem

237 3409 374 3474 latronis.
421 3409 560 3472 Secundo
576 3408 774 3493 distinguunt
789 3431 969 3472 concursum
986 3409 1018 3471 in
1028 3411 1190 3492 positivum
1205 3419 1235 3473 et
1250 3433 1338 3494 aepu-

238 3523 337 3598 ticum,
362 3531 452 3603 prout
474 3520 601 3603 positive
622 3519 668 3584 vel
691 3520 831 3604 negative
853 3519 955 3583 influit
977 3520 1010 3583 in
1033 3520 1195 3585 effectum:
1218 3520 1261 3584 sic
1283 3523 1337 3606 qui

237 3630 393 3693 hominem
409 3631 575 3714 praecipitat
590 3631 621 3694 iu
638 3631 764 3710 foveam,
775 3630 902 3716 positive
917 3631 1071 3694 concurrit
1085 3631 1201 3696 adeius
1214 3655 1315 3697 casum
1328 3662 1335 3700 :

237 3743 375 3827 quivero
395 3764 511 3807 coecum
528 3767 632 3808 versus
650 3744 766 3808 foveam
787 3754 911 3807 euntem
931 3765 995 3806 non
1017 3752 1122 3807 monet
1140 3744 1177 3808 de
1192 3745 1335 3829 periculo,

237 3853 376 3936 negative
392 3863 539 3920 censetur.
546 3853 583 3916 ad
600 3855 665 3918 eius
680 3877 784 3924 casum
799 3876 987 3918 concurrere.
1022 3853 1124 3918 Tertio
1140 3854 1336 3939 distinguunt

236 3986 418 4028 concursum
432 3965 464 4028 in
473 3967 619 4049 praecium
635 3974 667 4028 et
680 3965 900 4030 simultancum:
924 3965 1053 4050 praevius
1067 3974 1113 4029 est
1128 3967 1181 4050 qui
1199 3968 1335 4052 proxime

236 4073 372 4158 disponit
394 4096 515 4138 causam
538 4075 577 4138 ad
599 4075 763 4158 agendum,
786 4083 817 4138 et
839 4075 871 4139 in
894 4084 1004 4159 agente
1026 4075 1191 4159 recipitur:
1218 4100 1263 4140 ex.
1286 4101 1333 4162 gr.

235 4185 397 4270 applicatio
426 4185 622 4248 instrumenti
652 4185 690 4248 ad
720 4185 928 4269 operandum:
968 4186 1168 4252 simultaneus
1197 4199 1244 4254 est
1280 4194 1334 4276 qui

235 4298 369 4379 proxime
385 4296 437 4360 dat
453 4319 517 4360 esse
532 4295 653 4360 effectui
669 4295 706 4359 ad
723 4317 812 4394 quem
830 4296 941 4361 dicitur
963 4318 1150 4384 concurrere,
1166 4307 1196 4364 et
1216 4300 1248 4364 in
1266 4303 1334 4368 'solo
