3186 4982
276 371 341 434 302
647 389 751 432 innan
768 389 1005 434 ouronoercns.
1223 371 1308 454 [car.
1326 390 1385 433 111.

275 553 333 610 tiva
344 553 440 608 tendat
450 553 629 608 essentialiter
640 553 676 608 ad
688 553 860 626 operandum,
871 554 959 608 omnis
971 561 1000 608 et
1011 553 1069 608 sola
1080 552 1233 608 sumtantia
1244 553 1326 608 habet
1332 571 1385 625 pro

274 641 328 696 fine
340 639 538 714 operationem:
557 641 628 695 unde
641 640 760 714 operatio
773 647 815 696 est
823 641 1001 712 oanafinolia
1010 640 1098 694 omnis
1109 639 1276 694 substantias.
1308 639 1384 693 Gau-

273 729 367 784 salitas
379 733 470 783 autem
482 727 572 782 finalis
583 729 714 801 pracedit
722 728 815 783 ordine
824 728 1012 783 causalitatem
1022 727 1192 795 efficientem,
1202 726 1283 781 sicuti
1294 726 1385 781 virtus

274 816 363 870 activa
375 815 489 869 tendens
500 815 535 868 ad
547 819 638 869 actum
650 814 781 886 praecedit
792 833 872 869 suum
884 820 992 883 actum3
1010 833 1075 868 nam
1086 815 1226 868 tendentia
1242 815 1276 868 ad
1288 820 1383 868 actum

273 907 315 956 est
322 901 509 974 actinprimus
518 902 631 973 agentis.
658 901 732 967 Quia
737 919 802 958 vero
813 901 966 956 accidentia
975 919 1031 956 non
1043 907 1108 954 sunt
1119 901 1177 956 sine
1189 901 1280 955 fructu
1288 900 1382 971 aliquo

272 989 302 1042 in
314 995 411 1043 natura
421 1005 518 1056 rarum,
531 988 649 1043 dubitari
661 995 751 1062 potest
763 1005 798 1042 an
809 1007 864 1043 non
876 988 993 1043 debeant
1005 989 1087 1043 etiam
1099 989 1159 1061 ipsa
1173 989 1208 1043 ad
1225 989 1306 1042 finem
1318 997 1382 1042 ten-

273 1076 344 1145 dere,
355 1093 389 1129 ne
398 1075 453 1129 sint
460 1075 594 1130 inutiliter
602 1075 631 1128 in
640 1076 742 1130 mundo
751 1095 757 1130 :
776 1076 849 1147 quod
857 1092 937 1130 nemo
945 1075 1052 1129 dixerit
1079 1074 1134 1130 Sed
1143 1075 1207 1146 quia
1213 1091 1269 1128 non
1278 1073 1383 1128 habent

273 1163 348 1219 aliud
360 1181 417 1218 esse
429 1163 482 1217 nisi
494 1181 546 1217 ease
557 1163 600 1217 aui
608 1163 720 1232 aetiecti,
733 1181 788 1217 non
800 1168 914 1235 possunt
930 1161 1029 1216 habere
1047 1163 1193 1234 specialem
1210 1161 1382 1216 tendentiam

272 1252 307 1306 ad
319 1251 411 1316 finem,
423 1251 471 1305 sed
488 1250 666 1306 involvuntur
677 1249 706 1303 in
718 1249 879 1316 substantia,
892 1255 921 1303 et
937 1249 1109 1305 constituunt
1120 1249 1227 1302 modam
1244 1248 1382 1302 tendentia

272 1339 331 1393 eius
342 1337 371 1391 in
383 1339 472 1406 finem,
484 1337 549 1392 licet
560 1337 620 1408 ipsa
630 1353 684 1390 non
695 1335 817 1390 tendant
854 1337 893 1390 Et
904 1335 969 1388 hinc
981 1336 1106 1406 estquod
1115 1353 1195 1390 nemo
1208 1335 1280 1389 dicat
1289 1335 1381 1388 Deum

272 1443 424 1479 comrrere
436 1441 498 1480 cum
512 1421 703 1490 accidentibus,
716 1429 744 1477 et
752 1423 825 1494 quod
833 1421 985 1477 accidentia
992 1422 1098 1493 periali
1108 1421 1311 1476 conservatione
1324 1439 1381 1475 non

272 1511 415 1583 indigeant
429 1511 491 1579 (IX.
505 1529 531 1563 n.
545 1511 620 1581 6—9).

306 1599 349 1652 69.
370 1597 459 1651 Causa
470 1597 561 1650 finalis
573 1602 616 1650 est
627 1595 733 1650 diversa
750 1614 798 1669 pro
811 1595 918 1652 diversa
929 1600 1033 1649 naturae
1045 1595 1195 1663 tendentia,
1208 1595 1256 1649 ead
1273 1611 1382 1666 semper

271 1683 409 1738 reducitur
420 1685 455 1737 ed
467 1685 643 1754 operatiorem
654 1689 759 1738 natura
772 1684 924 1755 propriam
943 1683 1006 1736 finis
1019 1683 1100 1752 enim,
1112 1683 1147 1736 ad
1155 1700 1238 1754 quem
1249 1681 1381 1754 quaelibet

270 1775 367 1824 natura
378 1770 474 1840 tendit,
483 1776 525 1823 est
537 1769 641 1840 aliquid
650 1769 702 1823 sibi
714 1787 870 1841 congruens,
881 1771 954 1841 quod
962 1769 1063 1823 dicitur
1074 1770 1168 1823 tonum
1179 1769 1254 1823 illius
1265 1774 1379 1825 naturas.

271 1856 407 1928 Congruit
424 1861 516 1910 autem
533 1855 645 1910 habenti
658 1857 716 1912 vim
733 1858 852 1912 activam
865 1875 948 1927 apere.
984 1857 1022 1912 Et
1039 1858 1104 1911 licet
1120 1863 1249 1912 creaturae
1260 1856 1382 1911 habeant

271 1943 355 1998 etiam
370 1941 565 2014 passivitatem,
579 1948 607 1996 et
623 1942 685 1997 ideo
702 1949 833 2015 congruat
850 1943 906 1997 illis
925 1944 1008 1998 etiam
1021 1944 1097 2014 μκή
1116 1948 1236 1997 attamen
1253 1943 1311 2015 pati
1322 1961 1380 1998 non

271 2030 354 2085 habet
365 2030 498 2088 rationem
509 2029 579 2098 finis,
592 2029 657 2102 quia
668 2030 813 2102 passivitas
829 2048 885 2084 non
903 2035 944 2085 est
962 2030 1092 2084 tendentia
1103 2030 1139 2084 ad
1150 2031 1316 2102 patiendum,
1330 2031 1380 2084 sed

271 2123 379 2174 tantum
390 2118 582 2190 indifferentia:
602 2118 636 2172 ad
648 2118 731 2172 finem
743 2123 835 2172 autem
852 2117 999 2189 requiritur
1010 2117 1158 2172 tendentia.
1194 2118 1311 2172 Notetur
1322 2117 1378 2182 hic,

270 2206 344 2276 quod
362 2222 447 2276 quum
465 2204 538 2257 Deus
556 2221 612 2257 non
630 2203 667 2257 sit
685 2203 824 2258 ordinatus
842 2204 876 2258 ad
892 2203 1004 2275 aliquid,
1018 2209 1060 2257 est
1077 2204 1134 2276 ipse
1151 2203 1203 2258 sibi
1219 2205 1290 2272 finis,
1303 2209 1331 2258 et
1348 2204 1379 2257 in

270 2292 359 2363 seipso
370 2292 448 2363 plene
461 2308 492 2344 ac
503 2291 621 2362 perfecte
639 2291 762 2362 quiescit,
775 2291 804 2344 in
822 2308 875 2362 quo
893 2295 936 2344 est
953 2290 1061 2344 infinita
1078 2291 1136 2345 eius
1153 2289 1301 2345 beatitudo.
1338 2291 1379 2344 Et

271 2379 395 2449 quamvis
406 2377 505 2432 habeat
516 2377 652 2431 infinitam
662 2377 799 2444 virtutem,
808 2395 862 2431 non
870 2383 962 2431 tamen
970 2376 1054 2430 habet
1061 2393 1122 2430 cam
1128 2382 1160 2430 ut
1169 2376 1377 2431 determinatam

270 2466 305 2519 ad
317 2465 500 2537 operationem
512 2464 698 2532 extrinsecam,
712 2481 796 2535 quum
808 2463 844 2518 sit
860 2463 929 2518 liber
940 2464 975 2517 ad
987 2463 1141 2532 creandum,
1154 2464 1198 2518 vel
1215 2481 1270 2518 non
1282 2481 1376 2518 crean-

268 2553 342 2606 dum.
380 2552 411 2606 Si
422 2557 513 2606 tamen
526 2552 600 2605 Deus
612 2556 736 2624 operetur
748 2551 783 2604 ad
795 2557 879 2619 extra,
892 2568 946 2605 non
958 2555 1048 2623 potest
1064 2567 1119 2603 non
1131 2550 1271 2605 intendere
1282 2551 1376 2619 finem,

269 2637 376 2692 scilicet
387 2636 661 2691 communicationem
673 2636 869 2709 perfectionum
880 2653 990 2690 suarum
1000 2636 1036 2690 ad
1053 2641 1131 2690 extra
1147 2636 1177 2690 in
1189 2636 1279 2708 aliquo
1290 2638 1376 2710 gradu

270 2725 349 2778 finito
362 2723 455 2795 (VIII.
469 2741 495 2777 n.
509 2723 619 2794 4249).

305 2810 347 2864 70.
366 2810 499 2864 Auctores
517 2808 690 2880 distinguunt
698 2811 787 2880 ficem
799 2809 846 2880 qui
860 2814 888 2862 et
895 2811 985 2879 finem
997 2809 1047 2879 cci,
1059 2809 1141 2862 finem
1158 2810 1242 2880 operris
1253 2817 1281 2864 et
1292 2810 1376 2864 finem

268 2895 407 2966 operantu,
420 2895 503 2948 finem
518 2895 672 2964 proximam
689 2899 717 2948 et
732 2895 815 2948 finem
833 2900 968 2963 remotam,
980 2895 1064 2948 finem
1081 2894 1240 2965 effec'cadum
1252 2901 1280 2950 et
1291 2896 1375 2951 finem

268 2981 432 3034 mimarum
444 2986 493 3034 eto.
504 2999 512 3050 ;
530 2981 564 3033 de
576 2979 673 3050 quibus
684 2980 771 3052 magis
787 2980 978 3035 convenienter
989 2979 1079 3052 agitur
1090 2981 1120 3034 in
1132 2981 1239 3036 Ethica.
1275 2981 1376 3037 Omnes

270 3068 336 3120 fines
348 3065 523 3137 proximiores
535 3065 637 3120 habent
648 3067 781 3120 rationem
790 3067 874 3121 medii
886 3067 921 3121 ad
930 3066 997 3120 fines
1007 3067 1173 3135 remotiores,
1183 3067 1254 3122 sicut
1261 3068 1377 3139 quilibet

269 3153 401 3206 terminus
421 3151 574 3206 ubicativus
587 3153 697 3208 mobilis
714 3154 743 3207 in
760 3159 839 3208 motu
851 3159 894 3208 est
910 3153 1040 3208 terminus
1047 3153 1147 3224 finales
1162 3160 1253 3208 motus
1273 3171 1375 3226 praece·

267 3237 359 3292 dentis
371 3242 399 3290 et
410 3237 542 3290 terminus
553 3257 570 3290 a
581 3256 631 3308 quo
643 3245 733 3292 motus
745 3239 891 3310 sequentis,
904 3243 932 3292 et
943 3239 1006 3292 ideo
1023 3238 1154 3293 terminus
1165 3240 1264 3294 madius
1275 3241 1304 3294 in
1316 3245 1376 3294 toto

268 3329 361 3378 motu:
374 3329 406 3376 ut
415 3323 506 3393 siquis
518 3323 553 3377 ad
565 3324 755 3394 acquirendam
767 3325 968 3397 philosophiam
979 3325 1049 3380 velit
1061 3343 1149 3379 emere
1158 3324 1249 3395 libros,
1257 3327 1292 3380 ad
1300 3343 1375 3381 com·

268 3410 401 3483 parandos
412 3408 494 3462 libros
507 3411 610 3479 quaerat
627 3410 778 3480 pecuniam,
791 3412 827 3466 ad
844 3410 997 3465 habendam
1014 3410 1158 3482 pecuniam
1175 3413 1276 3467 vendat
1293 3412 1374 3467 horo-

267 3496 379 3569 logium.
423 3495 547 3549 Primum
558 3495 587 3549 in
599 3495 751 3552 intentione
763 3499 815 3552 erit
826 3497 969 3570 acquisitio
981 3497 1171 3570 philosophiae,
1182 3516 1231 3553 seu
1240 3500 1310 3571 fiais
1321 3501 1374 3570 poi,

266 3589 317 3640 aut
328 3584 401 3638 cuiue
415 3584 521 3654 qratia:
540 3583 658 3656 primum
670 3584 699 3637 in
712 3585 871 3640 executione
888 3585 940 3640 erit
957 3585 1080 3640 venditio
1098 3586 1239 3657 horologii,
1253 3604 1314 3658 quae
1333 3592 1375 3641 est

269 3671 390 3726 medium
410 3671 445 3724 od
461 3670 614 3724 habendam
631 3671 782 3742 pecuniam,
796 3671 894 3726 deinde
905 3671 1021 3743 pecunia
1032 3688 1092 3742 quae
1106 3676 1147 3725 est
1158 3672 1220 3726 finis
1234 3673 1374 3744 proximus

268 3757 435 3814 venditionis
441 3757 581 3828 horologii,
591 3763 632 3811 est
641 3758 761 3813 medium
770 3760 806 3813 ad
818 3759 945 3813 emendos
956 3758 1039 3813 libros
1051 3763 1118 3827 etc.;
1137 3758 1177 3813 ita
1188 3765 1220 3813 ut
1231 3759 1374 3831 acquisitio

267 3843 448 3916 philosophiae
466 3860 527 3915 quae
545 3844 575 3896 in
589 3844 741 3899 intentione
759 3851 801 3899 est
818 3845 944 3919 primum,
957 3845 987 3899 in
1004 3847 1164 3900 executione
1182 3847 1219 3901 sit
1236 3847 1372 3901 ultimum.

266 3930 299 3985 Si
316 3930 378 4001 quis
395 3935 486 3984 autem
505 3931 613 3985 ordinet
632 3931 838 4002 acquisitionem
859 3933 1037 4005 philosophiae
1050 3934 1085 3988 ad
1102 3933 1252 3988 utilitatem
1269 3919 1373 4006 patira,

269 4019 356 4090 patria
368 4018 540 4089 diciturflois
551 4019 600 4088 cui,
613 4018 642 4072 id
652 4024 694 4073 est
705 4020 750 4074 cui
762 4020 932 4092 prospicitur.

303 4105 377 4160 Hinc
394 4111 478 4177 patet,
491 4105 549 4160 dari
568 4105 817 4160 subordinationem
835 4107 864 4162 in
881 4106 996 4162 finibus:
1027 4114 1056 4162 et
1073 4124 1158 4179 quum
1175 4107 1373 4162 remotissimus

163 4212 166 4218 ·
266 4194 393 4248 omnium
413 4192 510 4247 finium
531 4193 568 4247 sit
588 4192 706 4267 primum
726 4193 756 4248 in
775 4193 936 4266 intentione,
956 4213 1065 4250 necesse
1084 4199 1175 4249 estut
1193 4213 1287 4250 omnes
1305 4195 1373 4250 fines

268 4279 434 4334 subordinati
450 4279 500 4334 sub
516 4280 616 4334 ultimo
630 4280 721 4352 aliquo
738 4281 793 4336 fine
815 4282 1012 4338 contineantur.
1049 4283 1088 4336 Et
1107 4298 1171 4336 sane
1188 4283 1241 4336 nisi
1258 4287 1374 4355 ponatur

265 4367 377 4436 aliquod
388 4365 506 4437 primum
517 4365 548 4418 in
560 4365 719 4436 intentione,
731 4367 906 4440 impossibilis
917 4369 951 4424 fit
961 4374 1120 4425 caeterorum
1131 4367 1264 4438 intentio;
1282 4369 1373 4423 intan-
