3222 4984
231 376 303 420 car.
321 359 392 444 111.]
672 378 714 422 nu
732 377 896 426 turiurum
1268 352 1333 415 227
1459 363 1463 374 ’

273 542 387 623 Tertio,
405 544 489 608 Dens
513 544 570 608 soit
593 545 784 628 capitationes
804 551 833 608 ot
857 501 1028 627 affectiones
1051 539 1190 618 cordiam,
1215 559 1279 620 qna
1301 538 1333 600 in

231 655 380 740 infinitam
404 655 676 739 multiplicabantur
708 657 852 720 creaturis
879 653 1073 720 rationalibus
1095 649 1334 736 permanentibus

230 767 338 850 absque
345 766 430 852 fine:
454 789 515 852 qua
528 767 645 832 ratione
659 766 759 835 utitur
775 767 807 832 S.
818 766 952 830 Thomas
964 765 1007 850 (p.
1025 767 1054 829 1.
1067 785 1098 848 q.
1115 764 1167 827 14.
1182 783 1212 827 a.
1227 761 1281 844 12)
1293 759 1333 825 ad

107 871 111 876 ¹
231 877 425 962 probandum
440 878 523 964 quod
543 879 630 946 Deus
645 879 737 945 etiam
753 878 878 944 scientia
892 877 1017 944 virsioni
1031 875 1152 944 infinita
1164 871 1333 958 cognoscit.

233 988 307 1054 Non
329 989 486 1074 cognoscit
511 998 614 1057 autem
637 989 702 1058 haec
727 998 885 1075 tamquam
904 988 1112 1064 enumerando
1131 995 1249 1072 partem
1264 991 1334 1069 post

233 1117 360 1194 partem,
376 1119 412 1174 nt
425 1110 539 1176 ibidem
554 1119 641 1176 notat
658 1111 691 1175 S.
704 1110 831 1191 Doctor‚
843 1110 898 1175 aed
912 1110 1015 1176 omnia
1027 1107 1128 1173 simul.
1174 1105 1266 1171 Unde
1280 1127 1334 1170 ne·

233 1242 316 1286 cesse
337 1229 384 1286 est
400 1221 499 1286 dicere
519 1221 604 1306 qnod
625 1221 793 1286 multitudo
811 1221 933 1286 infinita
946 1219 1169 1306 cogitationum
1183 1219 1333 1283 humana·

234 1354 305 1396 rum
320 1340 384 1398 tote
398 1333 491 1398 simul
506 1341 575 1398 actu
590 1356 724 1418 praesens
746 1341 794 1398 est
808 1333 979 1397 intellectui
993 1332 1097 1397 divino
1118 1353 1185 1395 eam
1199 1337 1336 1394 contem-

235 1442 345 1527 planti.
399 1444 433 1509 Si
454 1451 558 1508 autem
580 1443 747 1509 multitudo
768 1454 839 1510 actu
860 1443 982 1508 infinita
1002 1442 1169 1508 involveret
1183 1439 1336 1506 contradi-

233 1555 377 1635 ctionem,
387 1555 483 1620 rideri
494 1578 511 1620 a
522 1555 589 1620 Deo
600 1578 664 1620 non
678 1564 798 1641 posset:
820 1556 907 1620 Deus
922 1555 1004 1620 enim
1019 1553 1173 1618 nouridet
1188 1552 1336 1617 circulum

233 1667 418 1752 quadratum
433 1676 465 1732 ot
479 1667 539 1733 alia
549 1667 707 1732 eiusmodi.
751 1669 836 1752 Ergo
847 1667 1015 1733 multitudo
1026 1675 1096 1731 actu
1104 1664 1226 1730 infinita
1236 1664 1271 1728 in
1281 1685 1337 1728 suo

234 1788 386 1864 conceptu
399 1802 463 1845 non
477 1788 651 1865 repugnat:
674 1780 810 1845 aientem
822 1803 885 1846 non
894 1788 1046 1866 repugnat
1057 1778 1091 1842 in
1106 1800 1161 1844 suo
1176 1787 1337 1861 conceptu,

234 1915 299 1959 non
312 1902 465 1980 repugnat
480 1917 548 1960 eam
568 1895 715 1960 existere:
739 1917 811 1959 nam
825 1894 978 1980 quidquid
986 1893 1171 1978 intelligitur
1180 1901 1227 1958 est
1238 1889 1335 1976 possi-

236 2003 299 2068 bile
323 2005 462 2070 existere.
522 2005 654 2070 Unicam
684 2006 855 2070 evasionem
877 2013 996 2070 tentare
1021 2014 1152 2090 possunt
1178 2002 1340 2070 adversarii

235 2117 436 2182 contrahens
457 2117 681 2202 probationem,
704 2117 846 2202 negando
868 2117 1009 2184 videlieet
1030 2118 1136 2182 lutura
1157 2116 1299 2200 cognosci
1321 2137 1339 2178 a

237 2227 306 2292 Deo
321 2228 378 2292 sub
393 2228 512 2294 ratione
520 2228 740 2308 multitudini,
751 2237 783 2293 et
797 2229 941 2314 ponendo
955 2251 992 2293 ea
1006 2228 1148 2312 cognosci
1162 2226 1339 2292 admodum

237 2342 350 2405 nnius:
373 2340 427 2405 sed
437 2341 517 2404 hanc
532 2341 703 2434 evasionem
717 2340 877 2426 praeoludit
892 2341 926 2408 S.
941 2341 1074 2404 Thomas
1089 2339 1246 2425 probando
1257 2339 1342 2424 qnod

234 2453 357 2516 scicntia
384 2452 445 2516 Dei
465 2473 498 2516 se
520 2453 651 2517 ostendit
672 2453 713 2516 ad
733 2452 851 2537 infinita
868 2455 957 2516 etima
987 2453 1141 2518 monadum
1169 2452 1248 2535 qaod
1273 2459 1342 2516 suat

236 2564 275 2628 ab
298 2565 420 2628 inuicem
444 2564 584 2628 distincto
612 2563 735 2646 (ibid.):
768 2571 801 2627 et
826 2571 1048 2648 consequenter
1069 2562 1239 2627 seeundum
1257 2563 1342 2648 quod

237 2677 432 2741 constituunt
454 2675 688 2740 multitudinem
702 2683 774 2740 actu
787 2683 970 2760 praesentem
978 2675 1082 2746 divino
1093 2673 1271 2739 intellectui.
1294 2672 1342 2736 Ex

238 2788 351 2873 quibus
360 2788 434 2852 satis
444 2797 549 2872 patere
557 2788 678 2852 videtur
685 2808 749 2853 non
758 2810 824 2852 esse
834 2787 1007 2872 negandam
1020 2785 1253 2872 possibilitatem
1262 2785 1342 2849 mul-

238 2899 382 2964 titudinis
391 2908 462 2964 actu
476 2900 614 2965 infinitae.
646 2899 794 2980 Tandem,
807 2899 879 2985 quia
890 2907 963 2969 suut
978 2898 1130 2975 nonnulli,
1145 2899 1199 2985 qui
1210 2897 1342 2962 inconsi-

240 3011 344 3076 demto
352 3012 512 3098 loquentes
526 3013 748 3078 dieuntDeum
762 3034 945 3097 cognoscere
959 3012 1024 3075 haec
1038 3011 1141 3076 omnia
1155 3010 1341 3099 utmultitu·

239 3123 343 3189 dinem
352 3125 542 3210 indefinitam,
555 3146 692 3208 expresse
700 3124 898 3208 cogimuroos
906 3145 1030 3188 monere
1038 3132 1075 3188 ut
1083 3123 1122 3188 ab
1131 3123 1189 3188 hoc
1198 3121 1344 3188 vocabulo

212 3243 216 3252 '
239 3236 425 3316 abstineant,
441 3235 564 3321 quando
580 3235 618 3300 de
633 3235 736 3300 divina
746 3235 920 3318 cognitione
931 3235 1120 3321 loquuntur:
1143 3243 1175 3299 et
1189 3257 1252 3298 non
1267 3234 1341 3299 adeo

239 3349 368 3414 timeant
378 3346 611 3412 multitudinem
622 3354 693 3410 actu
707 3346 870 3426 infinitam,
880 3346 965 3411 ntad
979 3369 1046 3412 eam
1057 3346 1270 3412 declinandam
1285 3346 1343 3410 sei·

241 3459 332 3522 entiae
347 3457 457 3523 divinae
464 3457 609 3521 iniuriam
620 3455 763 3519 inierant.
801 3455 884 3520 Nam
896 3455 922 3519 si
930 3455 1017 3520 Deus
1027 3455 1184 3540 cognoscit
1194 3455 1299 3520 lutura
1307 3464 1343 3520 ut

240 3569 470 3634 multitudinem
479 3567 679 3647 indefinitam,
690 3567 756 3633 eius
767 3567 903 3652 cognitio
911 3575 958 3631 est
966 3569 1118 3654 indefinita
1128 3577 1157 3633 et
1158 3569 1343 3652 potentialis,

241 3680 326 3765 quod
339 3679 469 3764 impium
480 3692 559 3743 esset
570 3677 716 3764 proiecto,
729 3686 759 3742 et
770 3685 901 3742 amente
909 3678 1019 3743 horum
1029 3687 1190 3743 auctorum
1198 3679 1340 3744 alienum.

284 3792 337 3855 36.
365 3791 491 3856 Odiioios
511 3793 557 3856 1⁰.
590 3791 623 3854 S.
647 3790 781 3855 Thomas
809 3791 852 3874 (p.
869 3793 898 3854 1.
916 3813 946 3875 q.
964 3793 994 3856 7.
1009 3813 1037 3855 a.
1053 3791 1096 3876 4.)
1115 3791 1212 3871 docet,
1228 3792 1342 3877 impos.

242 3903 361 3968 sibilem
383 3925 449 3966 esse
463 3901 696 3968 multitudinem
711 3909 782 3966 actu
803 3901 966 3966 infinitam.
1013 3902 1095 3966 Nam
1119 3925 1230 3968 omnem
1244 3905 1343 3969 malti-

240 4015 377 4093 tudinem
393 4014 504 4098 inquit,
520 4022 634 4097 oportet
648 4036 709 4077 esse
722 4014 754 4076 in
770 4014 872 4097 aliqua
886 4015 979 4097 merie
998 4015 1212 4079 multitudinis:
1235 4019 1345 4100 species

241 4136 338 4193 antem
348 4126 545 4190 multitudinis
558 4133 627 4188 sant
638 4128 713 4188 siem
727 4127 834 4208 species
845 4148 1038 4190 numeroram.
1070 4127 1165 4193 Nulla
1173 4136 1270 4193 catam
1279 4152 1343 4214 spe-

241 4239 420 4303 ciosnameri
428 4235 683 4321 estinfinita,qaia
691 4236 1169 4318 matibetnumamestmnltitado
1178 4249 1346 4305 mansuram

235 4373 293 4434 por
307 4372 418 4427 unam;
440 4349 516 4413 unda
530 4347 705 4431 impossibile
719 4355 764 4411 est
777 4369 838 4412 asse
846 4348 1060 4412 multitudinem
1072 4348 1218 4433 infinitam
1232 4361 1311 4416 actu.

1113 4463 1170 4528 02
