3222 4984
214 347 285 393 car.
302 328 343 413 1.]
653 347 697 392 nn
714 346 881 393 rurrurro.
1254 326 1318 390 205

260 511 313 574 ta.
337 507 494 586 Quaeritur
508 507 648 594 septimo,
663 518 763 574 utrum
780 511 815 574 de
831 511 947 575 ratione
964 507 1075 594 infiniti
1095 511 1137 574 ait
1151 530 1213 574 esse
1227 517 1324 574 totum

217 629 296 685 actu.
759 665 761 670 ·

261 731 454 817 Respondeo,
476 730 625 816 distingui
649 754 667 796 a
689 731 879 817 philosophis
903 731 1058 796 infinitum
1083 739 1161 812 oeta,
1177 731 1261 816 quod
1274 739 1321 796 est

153 927 155 931 ι
215 841 371 906 infinitum
391 842 560 906 seeundum
575 841 607 905 id
633 843 716 928 quod
741 851 813 908 autu
834 843 936 922 habet,
952 851 984 907 at
998 841 1154 906 inlinitum
1172 845 1319 926 potentia,

218 953 364 1040 quodest
378 953 537 1018 infinitum
552 954 719 1018 secundum
741 953 773 1018 id
794 953 877 1040 quod
895 954 1026 1040 recipere
1042 963 1163 1039 potest:
1185 954 1319 1039 primum

216 1073 342 1131 vocatur
356 1066 819 1149 categoruuutieumsteeundum
838 1067 1173 1150 eyueoteqmemotinam.
1217 1067 1321 1151 Atque

220 1177 505 1242 hieadvertendum
521 1185 644 1240 estnon
668 1176 776 1241 debere
798 1176 945 1242 confundi
966 1176 1122 1242 infinitum
1142 1185 1320 1264 syncatego-

221 1287 401 1354 rematieum
428 1309 498 1352 eum
524 1287 695 1352 indefinito.
748 1288 830 1352 Nam
856 1288 1038 1373 indefinitum
1067 1287 1237 1374 coneipitur
1266 1311 1321 1372 per

219 1400 442 1486 oppositionem
458 1399 496 1462 ad
512 1399 680 1483 definitum:
703 1400 789 1483 atqui
811 1399 971 1463 definitum
992 1421 1055 1463 non
1078 1407 1124 1463 est
1142 1398 1265 1485 praecise
1286 1399 1319 1462 id

219 1512 302 1597 quod
317 1510 408 1575 habet
423 1509 545 1589 limites,
563 1510 616 1574 sed
631 1509 714 1594 quod
723 1507 814 1572 habet
828 1508 941 1572 limites
956 1509 1173 1574 determinatos
1187 1516 1218 1572 et
1232 1509 1319 1586 fixos3

219 1645 292 1707 ergo
306 1622 501 1687 indefinitum
516 1643 580 1686 non
595 1629 642 1686 est
652 1621 683 1686 id
694 1621 817 1705 praeeise
827 1620 910 1704 quod
919 1629 999 1684 earet
1007 1620 1105 1685 limite
1120 1621 1174 1685 sed
1189 1622 1319 1690 idonius

219 1734 332 1799 limites
355 1755 418 1797 non
442 1741 515 1797 sunt
538 1732 733 1798 determinati
747 1741 778 1796 et
799 1732 850 1795 fixi
859 1757 868 1810 3
902 1753 1011 1816 nempe
1026 1732 1068 1811 id,
1084 1732 1117 1796 in
1132 1755 1193 1817 quo
1207 1733 1320 1798 limites

220 1847 434 1930 concipiuntur
446 1844 605 1909 variabiles
619 1852 650 1908 et
662 1842 886 1928 quodammodo
901 1841 1038 1906 mobiles.
1083 1842 1141 1906 Est
1152 1865 1225 1927 ergo
1233 1843 1320 1908 inde·

219 1957 342 2022 finitum
364 1957 398 2020 in
423 1956 521 2041 specie
550 1955 641 2034 finiti,
665 1953 736 2018 licet
761 1952 1004 2017 indeterminate.
1050 1953 1133 2018 Hine
1159 1955 1319 2038 definitum,

220 2067 402 2154 indefinitum
427 2076 458 2131 et
484 2067 632 2152 infinitum
657 2067 843 2151 inpotentia
868 2064 982 2128 habeut
1005 2065 1086 2129 inter
1109 2087 1141 2128 se
1172 2067 1319 2130 rationem

223 2201 315 2266 quam
330 2178 445 2242 habent
459 2179 616 2262 singulare,
626 2179 811 2262 particulare
825 2184 856 2240 et
870 2176 1042 2255 uniuersale,
1058 2199 1085 2240 v.
1102 2198 1149 2260 gr.
1173 2178 1321 2258 Socrates,

223 2289 333 2375 aliquis
356 2289 459 2367 homo,
482 2279 585 2352 homoss
639 2288 689 2353 Sia
715 2287 838 2373 qnando
861 2295 1017 2371 geometra
1039 2286 1132 2352 dicit:
1168 2289 1218 2352 stt
1243 2290 1320 2353 liaeo

221 2401 384 2486 indefinito,
404 2395 468 2464 non'
488 2400 625 2485 postulat
646 2400 759 2464 lineam
780 2400 933 2464 infinitam
955 2401 987 2463 in
1009 2399 1156 2484 potentia,
1177 2422 1238 2484 qua
1258 2423 1322 2465 non

225 2512 345 2596 indiget
360 2511 399 2575 ad
414 2533 501 2576 suam
517 2511 815 2592 demonstrationem,
832 2511 886 2576 sed
899 2509 1035 2595 postulat
1045 2509 1156 2574 lineam
1172 2511 1323 2576 sufficien-

222 2631 269 2688 ter
297 2623 432 2707 longam,
455 2644 521 2713 non
550 2621 780 2689 determinando
815 2622 916 2686 locum
953 2621 1070 2686 limitis.
1125 2622 1184 2686 Vix
1220 2632 1324 2688 autem

222 2755 345 2799 neeesse
359 2743 406 2798 est
431 2742 547 2812 notare,
568 2732 652 2817 quod
665 2731 765 2796 omnis
787 2754 835 2796 res
850 2730 943 2797 estin
959 2754 991 2796 se
1005 2733 1174 2796 necessario
1189 2733 1324 2813 definita,

224 2867 321 2930 quum
336 2852 467 2929 nequeat
482 2851 553 2908 aetu
566 2843 677 2907 habere
691 2843 750 2907 nisi
766 2844 1001 2908 determinatum
1017 2866 1081 2907 esse
1096 2852 1127 2908 et
1142 2844 1325 2910 determina·

223 2963 272 3020 tos
286 2954 398 3018 limites
407 2978 417 3032 3
440 2961 471 3018 et
485 2952 555 3018 ideo
569 2953 764 3017 indefinitum
779 2961 947 3039 numquam
967 2962 1068 3039 potest
1088 2976 1154 3019 esse
1170 2955 1204 3020 in
1223 2956 1323 3036 rebus,

223 3067 277 3132 sed
291 3066 324 3130 in
340 3065 537 3150 conseptibus
548 3072 682 3129 tantum.

267 3181 318 3242 14.
342 3175 501 3254 Quaeritur
525 3184 640 3255 octavo,
656 3183 755 3240 utrum
775 3175 923 3260 infinitum
940 3185 1009 3241 autu
1026 3179 1067 3241 ait
1083 3179 1166 3258 illud,
1182 3180 1230 3242 eui
1250 3181 1328 3244 uiuit

223 3291 293 3355 addi
300 3297 411 3375 potest.
499 3351 501 3356 ,
617 3344 646 3352 ,,

267 3401 459 3487 Respondeo‚
475 3399 501 3463 si
516 3407 626 3483 agatur
646 3399 684 3464 de
706 3399 828 3462 infinito
849 3398 1000 3478 absoluto,
1017 3421 1070 3463 seu
1085 3399 1162 3478 Deo,
1177 3400 1256 3465 hane
1271 3401 1323 3465 de-

223 3513 394 3578 finitionem
408 3511 522 3575 infiniti
537 3533 603 3575 esse
618 3511 764 3596 optimam
779 3535 785 3574 :
810 3509 836 3574 si
847 3519 948 3574 autem
958 3510 1323 3596 intelligaturrestrietive

224 3624 264 3688 ad
278 3623 513 3708 significandum
528 3622 610 3707 quod
624 3623 658 3686 in
673 3644 709 3686 eo
724 3644 834 3706 genere
849 3620 995 3701 entitatis,
1010 3623 1043 3685 in
1066 3644 1128 3706 quo
1142 3645 1190 3687 res
1213 3623 1324 3688 dicitur

224 3734 355 3812 infinita,
371 3755 435 3798 non
449 3740 552 3818 posset
567 3733 633 3796 fieri
642 3732 685 3796 rei
700 3731 827 3811 additio,
842 3740 918 3796 tune
937 3731 1095 3796 conveniet
1110 3733 1233 3817 quidem
1255 3735 1324 3798 infi-

224 3846 291 3910 nito
305 3843 464 3923 contrarie,
481 3865 534 3908 seu
543 3843 669 3908 'infinito
682 3843 717 3908 in
732 3865 788 3908 suo
810 3866 931 3928 genere,
946 3864 1010 3908 non
1032 3852 1133 3910 autem
1155 3846 1324 3911 contradic·

222 3956 300 4021 torie
314 3954 446 4018 infinito.
493 3953 542 4018 Sic
556 3953 643 4018 lineae
657 3952 802 4039 utrinque
816 3953 944 4019 infinitas
959 3954 1037 4018 nihil
1058 3954 1130 4019 addi
1150 3964 1253 4040 potest
1274 3980 1324 4022 ex·

223 4066 371 4132 tensionis
392 4063 524 4143 linearis,
546 4071 577 4128 et
599 4064 747 4129 volumini
760 4064 897 4149 undique
912 4063 1033 4128 infinito
1047 4063 1125 4128 nihil
1139 4065 1210 4129 addi
1224 4076 1325 4150 potest

144 4178 146 4182 ’
222 4175 416 4254 extensionis,
431 4173 502 4238 licet
517 4173 589 4238 addi
602 4173 699 4258 possit
713 4174 828 4261 aliquid
842 4173 875 4238 in
884 4175 942 4239 alio
952 4197 1072 4259 genere,
1082 4198 1109 4240 v.
1122 4199 1168 4260 gr.
1179 4176 1324 4244 densitas.

226 4288 287 4353 Sed
302 4287 329 4352 si
344 4284 510 4371 accipiatur
518 4284 599 4350 linea
608 4307 713 4350 carens
723 4285 831 4365 limite,
847 4285 935 4350 idest
945 4286 1016 4364 fine,
1029 4307 1092 4350 non
1104 4294 1206 4382 autem
1217 4309 1326 4353 sarens
