3186 4982
281 299 347 364 256
601 323 763 367 sansana
779 322 820 367 nr
836 323 1057 368 5115555555.
1240 305 1327 388 [von.
1345 325 1385 368 rr.

316 485 382 556 Pae.
397 485 439 541 44.
452 486 495 542 115.
511 486 552 557 10,
566 487 607 544 11.
626 489 808 545 ubicationem
828 493 892 544 actu
911 489 1047 560 signatam
1063 506 1111 562 per
1130 493 1236 544 motum
1253 488 1384 542 materiae.

282 573 382 644 corripe
400 573 575 630 (1555115555
593 575 759 633 ubicativam
775 581 911 648 receptam
928 576 958 630 in
975 576 1090 630 matoria
1107 593 1155 649 per
1172 576 1306 632 actionem
1323 593 1386 630 mo·

282 659 379 714 ventis.

317 746 386 802 1515.
399 748 443 802 leia
458 748 500 802 15.
514 753 620 803 motum
631 749 732 819 555-195
744 749 919 804 directionem
931 753 1023 804 motus
1035 813 1041 826 ι

317 833 550 905 5554511555.
570 835 705 908 significet
722 837 756 890 de
772 837 875 892 duabus
887 836 985 906 555195
1003 835 1145 907 significet,
1157 840 1219 908 post
1236 834 1387 907 apprehen-

282 918 386 974 sionem
397 919 436 974 rei
447 919 598 992 singularis,
608 923 643 976 ad
655 922 851 977 intellectivam
862 922 1021 978 facultatem
1032 923 1165 994 pertinere
1177 921 1263 977 facere
1275 921 1387 975 univer-

281 1005 349 1062 salis
360 1023 408 1078 per
419 1006 635 1077 abstractionem,
648 1013 676 1062 et
688 1007 727 1062 sic
739 1008 772 1062 do
785 1008 890 1063 duabus

317 1093 382 1164 Pop.
396 1094 439 1149 49.
452 1095 496 1149 115
510 1095 555 1148 alt.
574 1094 701 1149 intendit.
719 1096 799 1149 oddo:
818 1093 930 1166 Proprie
943 1098 1034 1148 tamen
1046 1093 1172 1148 voluntte
1189 1110 1245 1148 non
1260 1097 1388 1148 movetur

281 1178 316 1234 ab
328 1178 476 1248 intellectu,
486 1181 534 1234 sed
546 1179 650 1252 abipso
663 1179 769 1235 obiecto
781 1185 813 1234 51
825 1180 942 1252 cognito.

316 1266 382 1337 Psy.
396 1267 438 1321 51.
452 1267 496 1320 115.
511 1267 552 1321 lo.
570 1265 762 1338 potentialiter,
775 1267 875 1337 555195
886 1265 1109 1339 aptitudinaliter,

317 1353 383 1424 Pay.
397 1352 496 1408 595115
510 1353 552 1408 24.
571 1353 649 1408 bona.
662 1353 763 1424 corripe
774 1352 853 1421 bona,
867 1352 992 1424 aquibus
1008 1353 1111 1408 moveri
1122 1357 1212 1426 potest
1229 1351 1387 1424 515555551-

282 1437 360 1494 vitas.
1249 1466 1260 1481 ·

317 1526 382 1596 Paq.
395 1525 438 1580 57.
452 1526 495 1580 lin.
509 1524 550 1580 12.
569 1526 756 1599 metaphysica
776 1528 842 1580 addc
860 1525 994 1595 minom',
1007 1532 1032 1580 ct
1049 1526 1139 1580 deinde
1151 1543 1221 1596 poce
1238 1531 1327 1578 notem
1345 1543 1386 1578 se·

282 1617 413 1682 wentam:
433 1613 448 1641 *⁸
461 1612 502 1666 Ut
513 1611 620 1684 plenius
636 1613 899 1685 intelligentemque
918 1612 979 1668 dico
994 1611 1040 1666 hic
1053 1616 1081 1665 et
1092 1611 1121 1664 in
1133 1610 1256 1683 pluribus
1267 1611 1333 1665 15515
1352 1610 1387 1664 (15

281 1696 455 1752 (115115511555
475 1698 589 1767 formali,
603 1699 636 1754 de
657 1716 712 1772 qua
731 1697 886 1772 philosophi
906 1698 1026 1752 multum
1045 1698 1259 1769 disputaverunt,
1280 1697 1388 1751 iuvabit

280 1783 327 1838 hic
337 1783 469 1838 55555115
480 1783 514 1838 (15
525 1783 668 1840 identitate
679 1789 709 1839 et
719 1785 894 1839 distinctione
906 1783 1029 1838 ordinate
1042 1800 1181 1855 exponere.

315 1869 337 1924 1.
356 1869 489 1923 identitas
499 1875 540 1924 est
549 1870 762 1943 relatiosuadeta
770 1871 799 1924 15
809 1870 988 1924 5555155515.
1015 1869 1112 1924 Ρο1551
1120 1874 1212 1923 autem
1223 1869 1283 1924 hacc
1295 1870 1387 1924 unitas

280 1973 338 2012 esse
349 1956 394 2010 vel
406 1971 492 2010 unum
510 1973 558 2010 ens
569 1956 680 2028 physice
693 1956 867 2029 completum,
879 1955 924 2010 vel
941 1973 1027 2009 unum
1038 1973 1086 2009 ens
1103 1955 1328 2026 metaphysicum,
1341 1957 1387 2009 vel

280 2061 366 2098 unum
378 2059 425 2096 ens
435 2041 562 2113 logicum.
599 2042 665 2098 Tres
676 2042 762 2114 igitur
773 2047 852 2098 amnt
864 2041 966 2114 species
977 2041 1146 2096 identitatis:
1165 2041 1285 2114 physica,
1298 2047 1386 2097 meta·

280 2129 401 2202 physica,
413 2129 509 2202 logica
1300 2167 1303 2172 ·

315 2217 345 2288 5)
364 2216 497 2270 identitas
508 2215 621 2288 physica
632 2220 673 2271 est
684 2215 780 2270 relatio
792 2215 907 2270 fundata
918 2216 947 2269 in
963 2215 1069 2269 unitate
1081 2215 1152 2270 entis
1164 2215 1279 2288 physici,
1291 2219 1386 2286 estque

280 2301 429 2356 realissima
439 2301 575 2356 identitas.
612 2299 753 2356 Dividitur
764 2305 857 2356 eutem
869 2301 898 2369 in
910 2302 1075 2372 5555551551
1087 2307 1116 2355 51
1127 2302 1327 2372 inadaeqaeetam,
1339 2302 1386 2356 vel

279 2387 409 2443 maiorem
426 2392 455 2442 et
471 2387 610 2443 nrinorem.
647 2387 780 2442 identitas
798 2387 940 2459 adaequata
952 2392 994 2442 est
1010 2404 1095 2459 quum
1110 2405 1195 2442 uuum
1207 2405 1255 2442 ens
1269 2387 1386 2460 sibiipsi

279 2474 439 2546 simpliciter
461 2480 646 2547 comparatur:
665 2478 694 2529 et
717 2475 782 2529 talis
805 2478 847 2528 est
866 2474 996 2528 identitas
1020 2475 1158 2530 Ciceronis
1181 2475 1298 2529 consulis
1322 2492 1386 2529 cum

281 2559 410 2616 Cicerone
423 2560 521 2625 Quinti
533 2561 621 2630 fratre,
629 2561 718 2633 quoad
728 2560 868 2632 physicam
879 2560 1029 2614 entitatem.
1065 2560 1200 2615 identitas
1212 2561 1386 2633 inadeequata

280 2652 323 2701 est
344 2664 429 2724 quum
452 2651 543 2702 totum
563 2646 707 2719 physicum
731 2650 901 2718 comparatur
924 2662 980 2701 suae
1005 2645 1075 2718 parti
1098 2646 1227 2718 physicae,
1249 2652 1281 2700 51
1300 2664 1385 2718 quum

280 2733 379 2788 Petrus
390 2737 560 2804 comparatur
570 2749 626 2787 suae
639 2732 746 2787 animae.

314 2820 347 2891 b)
366 2820 499 2875 identitas
521 2819 708 2892 metaphysica
729 2824 770 2875 est
788 2820 884 2873 relatio
904 2819 1018 2874 fundata
1036 2819 1066 2872 15
1085 2820 1191 2873 5511515
1209 2819 1279 2874 55115
1299 2825 1385 2874 meta·

280 2906 402 2981 physici:
422 2911 450 2960 ct
462 2911 504 2961 est
515 2907 594 2960 realis
611 2906 802 2979 metaphysica
840 2905 980 2961 Dividitur
998 2905 1081 2960 etiam
1096 2907 1157 2961 haec
1173 2907 1202 2960 in
1218 2909 1382 2978 5555551555

281 2998 310 3048 51
320 2993 520 3064 iaodaeqaatam.
556 2993 710 3064 Adaequata
721 2996 763 3048 est
775 3009 859 3064 quum
871 3009 956 3046 unum
968 3009 1016 3047 ons
1027 2993 1245 3065 metaphysicum
1262 2993 1315 3048 sibi
1332 2993 1384 3065 ipsi

280 3078 439 3151 simpliciter
458 3083 643 3151 comparatur:
662 3079 766 3133 ottalis
782 3082 824 3134 est
841 3077 970 3132 identitas
987 3078 1064 3132 Petri
1084 3079 1161 3150 pueri
1177 3084 1206 3134 et
1223 3079 1298 3134 Petri
1315 3079 1387 3134 senis

280 3183 344 3222 cum
362 3165 449 3237 seipso
470 3164 619 3220 secundum
636 3182 712 3220 suam
730 3165 938 3233 humanitatem,
951 3182 1011 3236 quaa
1030 3168 1072 3219 est
1090 3165 1176 3220 forma
1193 3166 1384 3239 metaphysica

281 3253 364 3307 Petet
383 3251 465 3321 enim,
478 3250 550 3323 quod
571 3251 594 3305 si
615 3252 829 3307 consideraretur
848 3251 1003 3305 humanitas
1024 3251 1100 3306 Petri
1117 3257 1214 3306 utens
1234 3253 1393 3325 physicum,

280 3338 356 3392 nulla
373 3336 516 3392 haberetur
536 3336 665 3392 identitas
673 3357 681 3407 3
701 3337 765 3409 quia
781 3336 895 3409 physica
915 3336 1071 3391 humanitas
1082 3336 1158 3391 Petri
1175 3337 1252 3409 pueri
1268 3356 1323 3392 non
1345 3345 1387 3393 est

282 3425 402 3502 identiea
415 3423 536 3496 physicae
554 3423 719 3479 humanitati
736 3422 813 3478 Petri
834 3422 912 3477 senis.
949 3423 1126 3496 Inadesquats
1137 3426 1179 3478 est
1196 3423 1280 3496 quum
1296 3429 1386 3479 totum

281 3510 497 3584 metaphysicum
509 3515 680 3582 comparatur
691 3526 747 3564 suae
759 3508 839 3582 parti,
851 3513 884 3563 ut
896 3527 980 3582 quum
994 3509 1118 3565 Socrates
1129 3511 1226 3565 sedens
1239 3512 1300 3581 (seu
1311 3529 1385 3566 com-

280 3597 401 3670 positum
424 3595 642 3667 metaphysicum
665 3613 700 3648 ex
724 3594 834 3649 Socrate
859 3598 887 3648 et
910 3594 1041 3666 sessione)
1065 3597 1236 3668 comparatur
1255 3596 1309 3660 ‘sibi
1332 3615 1388 3650 non

281 3682 395 3737 sedenti.
437 3681 513 3736 Tunc
533 3681 606 3736 enim
627 3681 750 3734 Socrates
769 3680 866 3734 sedens
886 3679 968 3734 habet
986 3681 1119 3736 rationem
1143 3682 1257 3737 subiecti
1281 3682 1310 3736 in
1329 3701 1387 3754 quo

281 3772 346 3821 5515
356 3770 398 3821 est
409 3765 496 3820 forma
507 3765 649 3820 sessionis:
668 3765 849 3837 compositum
861 3781 923 3818 vero
937 3782 971 3836 ex
986 3765 1107 3820 subiecto
1119 3770 1149 3820 51
1159 3767 1247 3822 forma
1258 3773 1300 3822 est
1311 3785 1386 3822 oom-

281 3851 401 3925 positum
413 3849 643 3923 metaphysioum:
663 3849 787 3904 Socrates
796 3855 888 3904 autem
899 3867 954 3903 non
964 3851 1059 3904 sedens
1071 3856 1185 3922 estpars
1193 3857 1302 3907 tantum
1314 3852 1388 3907 iilius

281 3937 432 4011 compositi.
470 3936 551 4002 Quod
563 3941 655 3991 autem
672 3936 732 3991 haec
749 3937 880 3991 identitas
892 3936 929 3991 eit
945 3937 1131 4009 metaphysica
1142 3941 1250 3993 tantum
1267 3945 1342 4012 patet
1353 3957 1388 3993 ex

280 4027 333 4082 hoo
350 4025 423 4098 quod
434 4013 588 4077 substantia
605 4023 733 4092 Socratis,
746 4031 778 4077 51
795 4023 913 4078 identiea
931 4028 972 4078 est
989 4024 1019 4078 in
1038 4023 1147 4078 Socrate
1165 4026 1275 4080 sedente
1293 4030 1322 4080 st
1332 4045 1387 4082 non

281 4112 400 4180 sedente,
430 4109 581 4182 concipitur
609 4113 642 4163 ut
667 4109 823 4163 indifferens
849 4110 884 4163 ad
910 4110 1055 4164 sessionem
1077 4112 1121 4165 vel
1145 4129 1200 4165 non
1225 4113 1386 4181 sessionem,

282 4196 433 4253 substantia
451 4202 543 4249 autem
561 4195 599 4250 sic
619 4195 827 4250 indeterminate
850 4201 959 4268 accepta
976 4214 1030 4256 555
1047 4202 1089 4254 551
1110 4215 1157 4251 555
1177 4198 1328 4270 physicum,
1340 4200 1387 4254 sed

282 4281 514 4355 metaphysioum3
533 4281 597 4352 quia
609 4298 656 4335 ens
668 4281 811 4353 physicum
824 4286 865 4335 est
877 4282 975 4336 ultimo
988 4283 1204 4337 determinatum.
