3240 4986
240 383 312 426 oar.
330 364 402 447 rra]
694 387 737 429 on
754 387 884 431 nunno.
1280 366 1342 428 123

240 571 363 628 vanum,
394 550 569 635 superbum.
630 551 714 636 Ergo
743 551 829 616 Deus
858 553 966 637 nequit
995 552 1154 617 intendere
1191 551 1345 636 propriam

240 661 378 746 gloriam.
425 662 475 726 Ita
488 661 551 726 fere
566 662 713 727 Voltaire.

284 770 467 858 Respondeo
480 774 548 839 dest.
564 782 626 838 ont.
642 773 676 837 in
690 773 816 838 homine
832 781 870 838 tr.
886 781 961 853 ont,
976 773 1009 837 in
1024 774 1092 837 Deo
1106 795 1135 836 n.
1152 779 1214 836 ant.
1227 779 1257 837 et
1267 793 1345 837 cons.

242 883 345 949 Gloria
366 883 534 949 extrinseca
556 892 603 949 est
623 883 750 970 aliquod
770 884 887 950 bonum
908 885 1000 950 etiam
1023 907 1079 970 pro
1093 882 1293 949 hominibus:
1317 893 1348 948 et

241 995 312 1061 lieet
340 997 544 1061 communiter
573 997 712 1061 homines
735 1005 907 1082 quarentes
936 982 1064 1081 gloriam
1095 997 1157 1060 sint
1182 994 1347 1075 ambitiosi,

241 1106 321 1187 vani,
349 1106 482 1193 superbi,
506 1129 570 1172 non
596 1108 664 1172 ideo
688 1108 827 1192 sequitur
850 1107 979 1193 gloriam
1004 1130 1071 1173 esse
1097 1130 1152 1192 per
1175 1129 1207 1171 se
1228 1129 1347 1192 semper

242 1219 430 1304 fugiendam,
461 1219 555 1284 immo
591 1229 628 1284 ut
657 1220 852 1285 doctissimus
887 1219 966 1286 card.
1000 1219 1203 1285 Pallavicinus
1236 1219 1347 1284 alicubi

243 1329 341 1409 docet,
363 1351 425 1393 non
448 1352 526 1409 raro,
549 1330 717 1415 prasertim
743 1353 762 1394 a
783 1330 984 1415 principibus,
1007 1331 1104 1415 gloria
1132 1331 1346 1396 honestissime

243 1442 398 1525 quaeritur,
414 1440 522 1505 saltem
537 1440 660 1525 quando
682 1441 843 1526 acquisitio
862 1441 966 1526 gloria
986 1441 1115 1506 resultat
1135 1463 1172 1505 ex
1195 1441 1348 1506 beneficiis

243 1553 275 1615 in
299 1551 438 1617 subditos
460 1552 586 1616 collatis.
633 1552 735 1629 Quare
757 1574 820 1616 non
842 1552 948 1636 gloria,
965 1553 1018 1616 sed
1040 1575 1116 1616 ncnc
1134 1555 1276 1637 ploriatio
1299 1561 1347 1618 est

244 1664 344 1728 mala:
367 1672 443 1728 tuno
458 1675 561 1729 autem
576 1687 654 1729 vana
671 1673 728 1743 est,
745 1663 868 1749 quando
889 1687 952 1728 non
974 1663 1137 1749 respondet
1160 1665 1277 1744 merito,
1293 1688 1348 1730 seu

244 1785 325 1839 caret
348 1773 561 1840 fundamento.
605 1776 654 1840 Ex
678 1799 713 1840 eo
739 1776 836 1860 igitur
861 1777 945 1860 quod
970 1776 1173 1840 communiter
1204 1777 1346 1860 (maxime

245 1889 326 1974 apud
341 1889 498 1973 asceticos)
520 1888 782 1975 reprehendantur
797 1889 936 1955 homines
951 1890 1104 1975 propriam
1121 1888 1250 1974 gloriam
1265 1913 1347 1976 quee-
1467 1957 1469 1961 ,

234 2010 356 2080 rentes,
371 2001 405 2065 id
422 2023 520 2065 unum
540 2001 688 2086 sequitur,
705 2023 838 2065 amorem
860 2000 964 2085 gloriae
982 2001 1013 2064 in
1037 2000 1126 2065 nobis
1148 2002 1350 2065 communiter

244 2113 360 2176 censeri
379 2135 444 2177 esse
461 2111 670 2176 inordinatum
684 2137 691 2176 :
715 2113 793 2176 sicut
812 2134 848 2176 ex
862 2134 898 2176 eo
913 2112 997 2198 quod
1011 2121 1117 2177 eontra
1128 2135 1262 2177 amorem
1277 2133 1346 2197 pro-

244 2225 346 2309 prium
361 2224 545 2288 invehantur
559 2225 796 2304 concionatores,
808 2246 870 2289 non
886 2225 1032 2308 sequitur,
1045 2246 1179 2288 amorem
1190 2224 1349 2310 proprium

246 2336 313 2421 (qui
332 2357 368 2399 ex
387 2335 567 2400 necessitate
584 2335 717 2400 naturali
737 2335 837 2400 bonus
858 2345 904 2400 est
924 2345 955 2402 et
975 2337 1134 2420 honestus)
1159 2359 1225 2401 esse
1247 2359 1349 2422 repre-

169 2523 172 2530 ,
245 2447 453 2527 hendendum,
475 2449 528 2512 sed
552 2448 646 2513 solam
673 2447 941 2528 inordinationem,
960 2471 1021 2533 qna
1041 2449 1244 2535 nosmetipsos
1264 2472 1347 2514 ama-

246 2581 324 2623 mus.
370 2559 455 2623 Deus
486 2569 598 2638 autem,
628 2559 678 2623 cui
708 2559 808 2646 omnis
837 2559 933 2644 gloria
964 2559 1102 2638 debetur,
1133 2583 1253 2624 summo
1282 2561 1347 2626 iure

246 2671 373 2754 gloriam
400 2670 517 2756 quaerit,
539 2678 569 2734 et
595 2671 627 2733 in
654 2692 689 2734 ea
714 2670 877 2755 quarenda
902 2693 1052 2734 summam
1078 2693 1164 2734 suam
1188 2672 1346 2751 iustitiam,

246 2783 447 2861 sanctitatem,
462 2782 642 2861 bonitatem,
658 2783 837 2866 sapientiam
853 2782 1057 2863 commendat,
1075 2792 1110 2847 ut
1131 2807 1185 2870 per
1204 2808 1235 2850 se
1253 2794 1347 2871 patet,

246 2893 397 2979 quidquid
411 2894 547 2958 Voltaire
561 2893 701 2958 blateret.

288 3010 340 3070 48.
370 3008 497 3070 Obiia'es
518 3008 552 3068 3⁰
575 3027 644 3069 cum
660 3005 694 3068 P.
712 3005 898 3069 Rothenflue
921 3014 1051 3090 putante
1075 3006 1223 3089 (Cosmol.
1244 3030 1276 3074 n.
1292 3011 1346 3094 39)

246 3119 349 3182 Deum
372 3119 405 3181 in
431 3116 561 3182 creando
584 3116 695 3181 habere
717 3137 774 3200 pro
797 3117 858 3181 fine
884 3140 971 3202 suam
999 3117 1128 3201 gloriam
1152 3122 1348 3185 intrinsecam.

246 3230 333 3293 Deus
347 3228 443 3293 voluit
466 3227 616 3291 mundum
634 3236 670 3291 ut
688 3227 824 3291 medium
847 3227 886 3290 ad
909 3229 1019 3292 finem:
1043 3231 1129 3315 atqui
1146 3231 1251 3296 nullos
1272 3231 1350 3296 alius

246 3341 317 3403 finis
340 3340 407 3404 Deo
433 3338 546 3423 dignus
569 3360 634 3402 esse
659 3346 760 3423 potest
784 3338 843 3402 nisi
867 3339 954 3404 Deus
980 3341 1063 3425 ipse;
1098 3364 1171 3426 ergo
1197 3344 1267 3408 finis
1291 3344 1350 3408 Dei

247 3451 376 3515 creantis
391 3460 437 3515 est
452 3451 538 3514 Deus
553 3450 628 3534 ipse,
645 3472 699 3513 seu
714 3449 813 3534 gloria
828 3450 895 3515 eius
909 3451 1084 3516 intrinseca.

291 3562 472 3647 Respondeo
495 3585 520 3626 c.
537 3563 587 3626 M.
602 3563 670 3626 dist.
696 3564 766 3625 min.
793 3562 853 3626 nisi
867 3562 953 3627 Dens
976 3564 1041 3649 ipse
1061 3565 1227 3631 extrinsece
1252 3569 1349 3631 mani-

248 3674 406 3738 festandus
421 3697 446 3738 c.
462 3677 545 3751 min„
560 3674 619 3737 nisi
634 3673 721 3737 Deus
743 3673 808 3759 ipse
831 3683 867 3737 nt
889 3675 922 3738 in
938 3698 969 3740 se
983 3685 1030 3739 est
1050 3699 1079 3740 n.
1095 3681 1165 3742 min.
1181 3687 1213 3742 et
1227 3702 1256 3743 n.
1273 3702 1351 3744 coos.

250 3786 353 3850 Gloria
366 3785 426 3849 Dei
449 3785 613 3849 intrinseca
639 3784 779 3849 consistit
802 3786 835 3849 in
861 3786 1037 3868 cognitione
1059 3809 1121 3872 qua
1143 3810 1174 3852 se
1194 3793 1351 3876 cognoscit

249 3907 280 3961 et
302 3918 403 3960 amore
423 3918 485 3981 quo
505 3918 537 3960 se
557 3904 639 3960 amat
647 3923 659 3976 3
681 3906 727 3959 est
746 3897 830 3959 enim
848 3895 945 3980 gloria
959 3898 1040 3962 claro
1055 3902 1162 3964 notitia
1177 3922 1241 3964 oum
1257 3903 1350 3966 laude.

248 4007 359 4072 Dicere
382 4029 466 4090 ergo,
492 4007 595 4070 Deum
620 4006 733 4071 babere
758 4029 814 4091 pro
843 4008 904 4071 fine
933 4008 1061 4092 gloriam
1092 4033 1178 4074 suam
1208 4012 1351 4079 intrinse-

250 4141 327 4197 cam,
339 4126 387 4182 est
406 4118 515 4197 dicere,
530 4119 633 4182 Deum
648 4118 681 4180 in
705 4117 855 4183 creatione
882 4120 990 4184 mnndi
1014 4120 1126 4186 habere
1149 4143 1204 4206 pro
1226 4123 1287 4188 fine
1302 4147 1352 4189 oo-

251 4230 420 4315 gnitionem
445 4253 505 4314 qua
530 4253 561 4294 se
586 4229 753 4312 cognoscit,
778 4239 809 4293 et
833 4253 966 4295 amorem
997 4255 1058 4317 quo
1085 4255 1117 4296 se
1146 4243 1236 4299 amat.
1284 4237 1352 4304 Ηοο

251 4353 353 4406 autem
369 4349 415 4406 est
426 4341 631 4426 impossibile,
655 4345 721 4405 tum
734 4342 806 4426 quia
819 4343 953 4407 mundus
965 4344 1072 4429 nequit
1081 4344 1192 4410 habere
1204 4349 1350 4414 rationem
