3240 4986
289 319 332 382 80
729 341 769 384 oa
786 341 917 386 nunno.
1271 319 1355 405 [car.
1372 341 1397 383 1.

290 500 413 568 siderari
436 502 603 568 realitatem
626 513 662 572 ut
684 505 874 590 productam,
897 506 971 592 quin
995 505 1080 591 prius
1103 516 1304 591 cognoscatur
1326 508 1394 591 ipsa

289 612 367 678 ratio
393 611 532 678 absoluta
557 614 704 680 realitatis
731 615 768 680 de
794 639 855 702 qua
881 617 1003 701 agitur:
1028 624 1060 681 et
1084 617 1127 681 sic
1150 616 1281 681 babetur
1305 617 1392 702 prius

290 737 454 810 conceptus
483 724 553 790 talis
582 726 739 807 realitatis,
765 727 884 792 etiamsi
913 728 1052 793 nondum
1083 728 1234 813 cogitetur
1260 727 1299 792 de
1327 727 1393 792 eius

290 833 500 920 productione.

332 947 470 1012 [rutubis.
495 945 639 1030 Cognitio
661 947 785 1013 effectus
807 949 920 1033 pendet
942 971 960 1013 a
982 950 1156 1033 cognitione
1178 971 1294 1028 oausae;
1317 970 1391 1033 ergo

289 1056 414 1123 effeetus
429 1057 555 1122 involvit
570 1067 751 1144 conceptum
766 1059 903 1124 alterius.
947 1061 1031 1145 Ergo
1046 1060 1125 1125 nihil
1145 1061 1329 1146 productum
1344 1068 1390 1123 est

290 1167 471 1234 substantia.
517 1167 566 1232 Ita
583 1168 723 1253 Spinoaa.

335 1279 514 1365 Respondeo
528 1301 557 1343 u.
574 1287 636 1344 ont.
652 1279 723 1363 quia
737 1279 860 1364 praecise
875 1283 1060 1345 contrarium
1076 1282 1186 1346 evenit.
1220 1281 1301 1344 Nam
1318 1280 1390 1344 sub-

290 1390 433 1458 stantiam
456 1389 566 1477 lapidis
588 1391 801 1475 cognoscimus
824 1391 1030 1476 dependenter
1052 1415 1069 1456 a
1092 1392 1200 1471 colore,
1219 1393 1327 1476 figura,
1343 1415 1390 1455 rc-

290 1503 429 1570 sisteutia
450 1511 481 1568 et
504 1500 665 1580 similibus,
683 1523 752 1586 quae
774 1511 1005 1587 consequuntur
1028 1503 1241 1582 substantiam,
1265 1525 1392 1587 eamque

290 1614 476 1682 ostendunt:
499 1623 529 1678 et
552 1613 755 1678 substantiam
778 1613 888 1678 animae
910 1615 1122 1698 cognoscimus
1145 1615 1352 1700 dependenter
1374 1637 1392 1678 a

290 1727 353 1794 suis
371 1724 606 1812 operationibus,
628 1733 659 1790 et
678 1725 775 1810 ipsam
799 1725 933 1791 divinam
955 1727 1159 1793 substantiam
1178 1727 1392 1812 cognoscimus

290 1837 496 1924 dependenter
517 1858 536 1900 a
557 1836 732 1922 cognitione
753 1860 855 1904 rerum
878 1848 1056 1918 creatarum,
1079 1861 1148 1923 quae
1170 1840 1208 1903 ab
1231 1840 1297 1925 ipsa
1322 1861 1393 1924 pro-

290 1950 412 2018 cedunt.
460 1947 492 2014 Si
515 1970 585 2014 vero
607 1947 731 2013 effectus
754 1957 893 2014 sumatur
916 1949 1142 2034 reduplicative,
1166 1950 1392 2036 retorquebitur

290 2069 523 2148 argumentum:
546 2081 617 2124 nam
636 2067 721 2140 tune,
737 2060 815 2124 sicut
835 2060 971 2144 cognitio
985 2061 1111 2126 effectus
1125 2071 1161 2125 ut
1176 2062 1302 2126 effectus
1317 2085 1392 2147 pen·
1468 2125 1470 2130 .

291 2173 342 2240 det
357 2195 376 2238 a
390 2170 565 2258 cognitione
579 2193 686 2250 causa,
700 2169 742 2235 sic
757 2170 849 2234 etiam
864 2170 999 2254 cognitio
1014 2193 1111 2236 causae
1125 2181 1160 2235 ut
1172 2194 1270 2236 causae
1278 2172 1392 2257 pendet

291 2283 506 2370 aoogrritioue
530 2282 664 2348 effectus.
711 2281 812 2358 Quare
836 2283 861 2344 si
884 2291 1044 2366 propterea
1070 2282 1196 2346 effectus
1222 2304 1285 2345 non
1311 2296 1391 2347 esset

291 2395 471 2475 substantia,
495 2394 525 2459 vi
554 2393 728 2478 argumenti
745 2394 850 2467 ‚etiam
879 2415 969 2457 causa
998 2415 1061 2457 non
1093 2403 1171 2457 esset
1201 2393 1392 2458 substantia:

292 2509 345 2590 sic,
367 2507 393 2572 si
410 2506 490 2570 filius
508 2527 570 2570 uon
591 2512 669 2568 esset
688 2502 868 2581 substantia,
890 2502 962 2586 quia
984 2513 1128 2568 connotat
1151 2527 1241 2569 suum
1262 2514 1391 2590 patrem,

292 2627 378 2707 pater
392 2639 514 2706 quoque
528 2638 590 2680 non
605 2623 684 2680 esset
699 2613 879 2693 substantia,
895 2615 966 2694 quia
980 2623 1124 2680 connotat
1139 2638 1230 2680 suum
1244 2617 1353 2680 filiurn.

337 2732 387 2796 11.
415 2730 541 2794 Obiica'cs
552 2731 596 2792 2⁰.
620 2726 691 2790 Una
707 2724 878 2789 substantia
886 2725 995 2810 nequit
1006 2725 1133 2810 produci
1144 2727 1183 2791 ab
1194 2727 1267 2810 alia..
1308 2729 1390 2792 Nam

292 2865 360 2931 quae
374 2841 452 2907 nibil
466 2838 581 2904 babent
597 2859 768 2916 commune,
781 2859 884 2901 eorum
898 2837 1026 2900 alterum
1039 2837 1077 2901 ab
1088 2837 1183 2902 altero
1194 2861 1260 2903 esse
1271 2841 1390 2923 nequit.

292 2953 389 3040 Atqui
400 2951 468 3017 duae
479 2948 656 3014 substantiae
667 2948 818 3013 distinctae
826 2947 904 3011 nibil
911 2947 1027 3012 habent
1038 2970 1208 3029 commune,
1220 2953 1390 3034 praesertim

241 3089 246 3100 ’
292 3067 319 3131 ai
341 3069 553 3149 supponantur
566 3081 631 3124 esse
647 3059 755 3123 diversi
770 3058 895 3137 ordinis,
910 3067 946 3123 ut
960 3058 1092 3122 Deuset
1108 3060 1251 3124 mundus.
1297 3062 1388 3146 Ergo.

293 3175 395 3242 Maior
409 3181 502 3259 patet,
518 3171 590 3256 quia
604 3170 731 3235 effectus
746 3170 835 3234 debet
850 3170 1000 3235 contineri
1015 3170 1048 3234 in
1062 3193 1162 3234 causa.
1201 3171 1306 3236 Minor
1320 3196 1391 3258 pro.

293 3289 394 3366 batur,
409 3286 481 3372 quia
497 3292 626 3369 utraque
645 3281 815 3347 substantia
831 3283 864 3345 in
882 3304 914 3346 ae
932 3290 962 3346 et
984 3304 1038 3367 per
1056 3305 1088 3347 se
1105 3282 1286 3370 completur,
1301 3293 1332 3348 et
1348 3286 1391 3350 sic

208 3461 214 3474 ,
292 3422 356 3466 non
370 3396 597 3464 communicant
611 3395 645 3459 in
659 3395 765 3458 eodem
780 3403 850 3459 actu
865 3394 1078 3460 substantiali:
1100 3396 1183 3461 unde
1195 3418 1251 3460 nec
1261 3407 1391 3488 possunt

293 3510 516 3579 communicare
530 3509 564 3573 in
578 3506 680 3593 aliquo
695 3515 766 3571 actu
781 3505 968 3570 accidentali.
1022 3583 1024 3588 Ι

336 3619 518 3709 Respondeo
533 3621 601 3684 diat.
617 3628 678 3683 ont.
695 3617 822 3704 produci
837 3617 875 3680 ab
890 3616 948 3682 alia
963 3628 1063 3682 creata
1076 3628 1115 3683 tr.
1128 3628 1202 3700 ont,
1217 3619 1255 3684 ab
1271 3621 1330 3685 alia
1343 3623 1392 3686 in-

293 3745 393 3804 creata
414 3759 443 3798 n.
467 3742 529 3799 ont.
573 3732 624 3797 Ad
646 3731 855 3816 probationem
878 3753 907 3792 n.
927 3731 989 3806 M,
1004 3731 1043 3794 ad
1065 3730 1277 3814 probationem
1300 3734 1392 3798 buius

293 3852 361 3915 dist.
371 3857 433 3912 ont.
443 3847 567 3911 effectus
579 3845 669 3909 debet
684 3842 833 3907 contineri
847 3842 879 3905 in
895 3863 986 3905 causa
993 3841 1164 3907 virtualiter
1177 3852 1208 3906 et
1222 3843 1393 3909 eminenter

293 3982 372 4024 conc.
384 3966 457 4035 out,
466 3953 634 4020 formaliter
648 3961 680 4016 et
693 3951 773 4015 idem
790 3972 918 4014 numero
933 3973 962 4016 n.
979 3960 1041 4017 ont.
1052 3961 1082 4016 et
1095 3975 1173 4017 coru.
1220 3953 1313 4030 Quod
1323 3978 1393 4020 vero

293 4067 464 4134 substantia
485 4072 585 4129 creata
607 4071 638 4126 et
661 4060 832 4126 substantia
845 4061 906 4125 Dei
927 4061 1007 4127 nihil
1027 4063 1160 4128 habeant
1176 4065 1295 4128 realiter
1309 4087 1392 4130 oom-

292 4203 396 4258 mune,
410 4175 611 4242 libentissime
626 4173 843 4251 concedimus3
866 4195 937 4238 nam
955 4195 1057 4239 essee
1079 4198 1111 4240 se
1132 4183 1164 4240 ot
1185 4196 1251 4239 esse
1273 4176 1312 4240 ab
1334 4177 1395 4240 alio

293 4301 366 4358 sunt
380 4311 505 4375 prorsus
521 4287 647 4365 diversa,
663 4307 720 4349 nec
734 4284 821 4350 Deus
836 4286 955 4370 eapitur
971 4285 1029 4349 sub
1044 4307 1155 4370 genere
1170 4287 1260 4351 entia.
