3222 4984
268 369 331 434 184
579 391 622 434 00
638 391 782 434 auriono
799 363 857 434 niu
875 390 912 432 in
929 388 1060 433 nunno.
1211 365 1296 450 [car.
1313 384 1367 428 111.

267 577 350 640 ergo.
396 555 462 620 Nec
477 564 629 640 repugnat
645 554 755 622 divinae
767 556 931 621 sanctitati.
977 555 1058 620 Nam
1069 554 1213 619 sanctitas
1228 553 1368 618 consistit

267 667 300 730 in
336 666 562 732 ordinatissima
593 669 750 733 voluntate
761 693 772 747 ;
809 667 895 753 atqui
921 667 1016 746 Deus,
1041 667 1133 731 etiam
1164 665 1369 750 permittendo

268 779 400 864 culpam,
415 779 508 845 habet
522 780 778 846 ordinatissimam
793 779 1176 865 voluntatem31iquidem
1189 800 1253 843 non
1268 779 1367 842 solnm

267 913 329 956 non
346 892 500 957 concurrit
515 892 554 957 ad
569 893 701 977 culpam,
716 913 772 957 nec
795 901 877 956 amat
898 915 976 971 eam,
992 890 1046 955 sed
1063 889 1184 955 infinite
1200 890 1369 954 detestatur

269 1011 301 1068 et
316 1003 406 1089 punit
416 1027 426 1084 ς
447 1025 530 1089 ergo.
576 1003 642 1068 Neo
657 1012 809 1089 repugnat
824 1004 933 1068 divinae
956 1002 1112 1088 sapientia
1121 1029 1131 1082 3
1154 1001 1226 1087 quia
1240 1001 1369 1066 maxime

270 1115 415 1200 sapientis
438 1123 485 1180 est
509 1113 600 1179 etiam
626 1137 663 1180 ex
688 1115 768 1179 malo
793 1115 910 1180 bonnm
934 1115 1063 1193 trahere,
1091 1122 1127 1178 ut
1156 1135 1192 1176 ex
1220 1113 1369 1176 occisione

271 1224 388 1290 Christi
414 1225 544 1290 salutem
573 1225 670 1290 totius
696 1226 814 1290 mundi.
874 1225 1020 1290 Ostendit
1043 1247 1117 1310 ergo
1138 1225 1224 1289 Deus
1246 1225 1279 1288 in
1303 1224 1370 1308 ipsa

268 1338 384 1422 peccati
398 1337 599 1422 permissione
609 1360 695 1402 suam
712 1337 904 1402 sanctitatem
918 1346 949 1403 et
964 1337 1154 1422 sapientiam,
1169 1345 1200 1400 et
1214 1345 1367 1420 praeterea,

268 1448 424 1514 occasione
449 1457 582 1534 accepta,
597 1448 671 1514 alias
696 1448 895 1533 perfectiones
916 1448 1008 1513 etiam
1031 1447 1215 1527 manifestat,
1230 1459 1265 1511 ut
1280 1447 1368 1510 iusti·

269 1561 344 1624 tiam
360 1561 585 1642 vindicativam,
600 1560 876 1646 longanimitatem,
903 1560 1179 1639 mansuetudinem,
1202 1559 1368 1624 misericor-

270 1672 372 1737 diam:
406 1695 500 1759 quare
522 1694 586 1737 nou
609 1672 768 1757 impeditio
790 1671 906 1757 peceati
932 1692 1002 1736 cum
1025 1670 1128 1734 divina
1149 1669 1369 1754 gubernatione

270 1783 423 1849 conciliari
437 1785 563 1849 omnino
574 1791 686 1870 potest.

312 1897 365 1959 41.
393 1895 572 1959 0111010010.
610 1894 683 1958 Non
692 1893 840 1978 impedire
850 1902 1019 1979 peccatum,
1030 1894 1112 1979 quod
1126 1894 1214 1959 facile
1229 1893 1369 1978 impediri

270 2012 382 2090 potest,
404 2014 557 2091 repugnat
582 2014 672 2070 rectae
694 2005 919 2090 gubernationi.
964 2007 1006 2070 111
1028 2005 1185 2091 probatur.
1231 2006 1265 2070 Si
1286 2005 1368 2069 enim

270 2117 412 2201 princeps
426 2126 529 2203 posset
545 2118 610 2182 sine
626 2139 682 2182 suo
697 2117 891 2182 incommodo
905 2116 1065 2181 efficaciter
1076 2116 1222 2200 impedire
1233 2115 1370 2179 violatio·

269 2250 340 2292 uem
356 2250 479 2293 suarum
494 2229 609 2314 legum,
625 2237 656 2292 et
670 2250 733 2292 non
752 2227 922 2313 impediret,
937 2250 1028 2292 nemo
1050 2249 1143 2291 sanus
1165 2227 1276 2291 diceret
1299 2251 1369 2291 eum

269 2347 350 2404 recte
362 2340 541 2424 gubernare.
586 2339 670 2424 Ergo
684 2363 702 2404 a
717 2340 793 2424 pari.
910 2383 912 2386 -

317 2451 499 2538 Respondeo
514 2454 583 2517 dist.
595 2461 655 2516 ant.
668 2452 701 2514 in
717 2472 753 2516 eo
768 2451 822 2536 qui
832 2450 925 2515 habet
939 2450 1155 2535 obligationem
1172 2475 1197 2515 c.
1210 2459 1282 2530 ont,
1295 2450 1327 2514 in
1339 2473 1374 2514 eo

273 2564 326 2647 qui
341 2586 404 2627 non
418 2563 511 2628 habet
525 2564 742 2649 obligationem
757 2587 787 2627 n.
804 2571 865 2627 ont.
910 2563 961 2627 Ad
975 2562 1186 2648 probationem
1202 2572 1293 2628 trane.
1309 2573 1372 2628 aot.

273 2697 303 2739 n.
320 2697 398 2740 conc.
414 2684 444 2740 et
452 2679 549 2760 parit.
595 2660 676 2751 Quia
697 2697 762 2740 esse
783 2674 943 2760 providum
959 2675 1006 2739 vel
1028 2697 1091 2738 non
1105 2675 1266 2760 providum
1281 2675 1370 2739 desu-

149 2789 153 2797 '
242 2849 252 2868 ,
275 2786 372 2851 mitur
386 2810 404 2851 a
418 2787 478 2851 fine
494 2786 735 2872 gubernationis.
780 2786 866 2850 Finis
881 2794 983 2850 autem
993 2785 1222 2870 gubernationis
1231 2787 1373 2850 humanae

276 2905 324 2961 est
350 2897 479 2962 felicitas
502 2898 704 2978 subditorum,
719 2919 782 2961 non
805 2897 902 2982 gloria
915 2897 1070 2982 principis,
1086 2897 1157 2981 quia
1171 2898 1311 2984 princeps
1326 2907 1373 2962 est

276 3017 402 3094 propter
416 3009 554 3074 subditos
564 3034 574 3088 ;
597 3019 664 3074 esto
684 3031 720 3073 ex
739 3009 883 3074 felicitate
906 2997 1098 3072 subditorum
1122 3009 1223 3094 aliqua
1243 3009 1375 3094 principi

277 3119 400 3185 accedat
414 3120 531 3205 gloria:
553 3128 661 3185 eontra
675 3121 746 3184 finis
761 3120 990 3205 gubernationis
1000 3120 1180 3185 divinaenon
1192 3129 1238 3185 est
1252 3121 1375 3205 praecise

275 3231 404 3296 felicitas
428 3240 584 3310 creaturae,
600 3231 654 3296 sed
679 3232 776 3316 gloria
800 3232 870 3311 Dei,
886 3232 956 3317 quia
979 3254 1042 3296 non
1066 3240 1113 3296 est
1138 3232 1224 3296 Deus
1248 3242 1373 3319 propter

274 3351 436 3421 creaturas,
452 3343 531 3407 sicut
556 3344 697 3428 princeps
711 3352 836 3429 propter
851 3343 999 3424 subditos,
1016 3343 1129 3408 sedeat
1145 3354 1282 3408 creatura
1303 3368 1374 3429 pro-

274 3463 343 3539 pter
350 3455 472 3534 Deum;
488 3462 553 3519 esto
568 3477 603 3518 ex
615 3442 834 3538 glorificatione
848 3455 990 3519 creatoris
1005 3454 1116 3540 aliqua,
1127 3455 1222 3519 immo
1232 3456 1373 3537 maxima,

272 3566 400 3630 felicitas
425 3566 458 3629 in
483 3574 650 3630 creaturam
677 3565 837 3630 redundet.
884 3565 986 3643 Quare
1009 3567 1088 3630 sicut
1110 3575 1192 3631 recta
1206 3567 1374 3651 estguber-

271 3679 355 3743 natio
369 3678 526 3764 principis,
543 3677 702 3742 sibonum
726 3677 919 3742 subditorum
942 3679 1148 3763 consequitur,
1164 3679 1207 3742 ita
1225 3688 1306 3743 recta
1328 3689 1375 3744 est

272 3789 333 3853 Dei
355 3789 547 3873 gubernatio,
572 3788 598 3852 si
624 3789 752 3872 gloriam
779 3789 1032 3874 qnam'inten‘dit
1055 3798 1267 3874 consequatur.
1314 3790 1375 3855 Sed

272 3901 351 3965 hanc
377 3901 574 3985 consequitur
597 3901 689 3964 etiam
715 3923 785 3966 cum
812 3901 1011 3986 permissione
1039 3901 1165 3987 peccati.
1224 3901 1309 3986 Ergo
1328 3911 1375 3966 est

272 4013 417 4098 providus
431 4014 518 4077 Deus
533 4013 625 4077 etiam
639 4013 673 4076 in
688 4013 887 4097 permissione
901 4015 1029 4099 peccati.
1082 4013 1210 4078 Accedit
1231 4014 1291 4078 alia
1314 4013 1375 4078 dis-

271 4125 411 4208 paritatis
426 4124 523 4202 rati03
546 4125 688 4209 princeps
703 4124 785 4188 enim
801 4147 837 4188 ex
850 4148 913 4189 non
936 4125 1083 4210 impedita
1097 4125 1199 4210 aliqua
1213 4125 1375 4190 violatione

273 4234 377 4318 legum
407 4257 470 4299 non
499 4242 600 4321 potest
630 4234 831 4300 infallibiliter
859 4236 975 4300 bonum
1007 4236 1199 4302 subditorum
1229 4236 1375 4302 educere:

273 4352 377 4408 eontra
399 4344 484 4408 Deus
511 4368 545 4408 ex
562 4353 684 4429 peccato
698 4368 761 4409 non
778 4346 925 4431 impedito
941 4356 1042 4432 potest
1058 4347 1257 4412 infallibiliter
1271 4371 1375 4412 eruere
