3222 4984
234 323 300 388 214
665 343 709 388 nn
726 343 890 389 maxumo.
1199 323 1284 407 [cnr.
1301 343 1341 388 11.

233 507 361 573 infinitae
379 531 410 572 n.
426 515 500 587 ant„
515 508 588 594 quia
601 508 688 574 Deus
708 509 817 594 nequit
830 510 932 574 videre
952 509 985 574 in
1003 507 1096 573 rebus
1118 507 1180 572 nisi
1202 506 1286 592 quod
1306 506 1339 570 in

233 618 308 708 ipsis
322 625 387 685 eet:
409 627 441 684 et
456 619 499 684 sic
513 619 622 706 nequit
637 620 738 686 videre
752 621 845 686 finem
860 621 893 686 in
908 642 940 686 re
954 643 1018 686 non
1032 619 1166 684 habente
1180 619 1286 684 finem.

275 733 330 798 23.
354 731 511 809 Quaeritur
525 731 668 812 secundo,
684 756 723 798 aa
738 733 887 818 infinitum
895 733 999 798 saltem
1013 732 1233 798 accidentaliter
1246 739 1340 796 mate-

234 851 279 909 ter
286 865 345 928 per
359 843 535 909 additionem
548 844 595 908 cel
607 846 832 910 subtractionem
840 845 935 930 finiti.

277 953 459 1040 Respondco
468 955 656 1022 affirmative.
679 953 1221 1027 Naminseriel÷l÷l÷l÷l÷
1230 999 1337 1018 ......

233 1065 353 1130 sublata
367 1067 466 1151 prima
480 1074 563 1146 nota,
578 1067 736 1152 posterior,
752 1075 900 1152 quaerat
915 1066 1049 1132 secunda
1066 1066 1102 1129 fit
1122 1066 1230 1151 prima,
1246 1064 1337 1128 tertia

231 1177 267 1242 fit
282 1177 424 1257 secunda,
436 1187 545 1263 quarta
555 1177 591 1244 fit
606 1177 696 1243 tertia
706 1186 765 1242 etc.
812 1177 887 1243 Haec
899 1186 1002 1242 autem
1018 1176 1149 1242 mutatio
1164 1197 1227 1241 non
1242 1175 1335 1239 afficit

233 1289 340 1354 seriem
362 1287 423 1354 nisi
443 1290 611 1355 secundum
630 1289 767 1373 singulas
782 1298 884 1375 partes
897 1289 1012 1368 finitas,
1028 1288 1146 1354 etfacit
1161 1310 1211 1352 eas
1226 1308 1337 1352 novam

232 1399 510 1466 denominationem
526 1401 559 1464 in
575 1400 650 1465 serie
665 1401 830 1486 acquirere.
876 1399 969 1477 Quod
982 1400 1048 1464 haec
1062 1399 1193 1464 mutatio
1205 1399 1245 1462 sit
1260 1399 1337 1463 ecci·

231 1510 372 1592 dentalis,
387 1519 419 1576 et
439 1511 608 1578 secuudum
626 1512 798 1592 materiam,
813 1519 921 1598 patet3
944 1534 1017 1576 nam
1033 1510 1135 1590 series,
1151 1509 1271 1575 sublata
1285 1509 1337 1574 illa

230 1630 313 1702 nota,
328 1645 391 1687 non
406 1631 544 1691 mutatur
559 1624 729 1689 secundum
745 1623 940 1703 infinitatem,
956 1645 1024 1708 quae
1042 1630 1146 1687 manet
1168 1621 1284 1702 eadem,
1299 1629 1335 1684 ut

229 1723 388 1798 ostensum
409 1742 456 1798 est
478 1756 580 1818 supra,
596 1733 649 1798 sed
672 1742 794 1798 tantum
813 1733 892 1798 circa
906 1732 1022 1818 aliquid
1036 1732 1119 1817 qnod
1135 1732 1216 1796 salva
1230 1731 1333 1795 infini-

228 1844 336 1914 tudine
347 1853 448 1930 potest
459 1867 524 1910 esse
536 1855 566 1909 et
577 1867 640 1910 non
652 1867 735 1910 esse:
760 1845 813 1909 sed
824 1844 908 1930 quod
922 1845 1004 1909 selvo
1017 1844 1215 1908 infinitudine
1229 1851 1333 1929 potest

227 1977 292 2019 esse
307 1962 339 2018 et
353 1977 416 2038 non
431 1963 558 2020 esseest
573 1955 618 2020 illi
634 1954 839 2035 accidentale3
863 1978 936 2040 crgo
951 1955 1081 2020 mutatio
1097 1956 1177 2019 facta
1193 1963 1240 2019 est
1253 1955 1334 2019 aeci-

229 2064 359 2130 dentalis
376 2073 509 2145 tantum,
522 2074 553 2129 et
570 2065 650 2130 circa
672 2066 767 2131 solam
790 2066 949 2130 materiam
969 2065 1013 2130 rei
1033 2088 1101 2151 quae
1119 2065 1212 2130 habet
1229 2065 1333 2132 infini-

226 2185 332 2244 tatem.

238 2363 242 2372 ,
268 2291 322 2356 24.
350 2289 476 2354 Obiicieo
502 2293 546 2354 1⁰.
568 2290 652 2354 Nota
675 2289 795 2354 sublata
820 2297 885 2354 crat
907 2311 977 2374 pars
999 2288 1157 2373 integralis
1180 2288 1276 2368 seriei,
1299 2296 1331 2353 et

225 2421 288 2464 non
300 2401 507 2480 accidentalis.
550 2401 644 2486 Ergo,
660 2400 780 2465 sublate
794 2401 851 2465 hac
865 2409 963 2486 parte,
977 2410 1116 2466 mutatur
1132 2402 1233 2466 serica.

237 2567 241 2588 ,
270 2517 454 2602 Respondes
476 2540 507 2582 u.
527 2525 589 2596 aut.
608 2516 805 2602 simpliciter„
845 2517 928 2583 Nam
944 2517 1035 2601 ,quod
1054 2525 1167 2602 potest,
1189 2515 1329 2596 salvare,

225 2651 294 2692 esse
304 2628 464 2709 etabesse,
479 2627 537 2692 hoc
552 2636 599 2692 est
613 2627 659 2691 illi
674 2628 869 2694 accidentale.
913 2629 956 2692 Et
970 2628 1165 2712 probavimus
1183 2628 1328 2712 rigorose,

225 2738 333 2818 seriem
349 2761 471 2805 manere
482 2739 647 2823 integram,
661 2739 754 2820 etiam
768 2746 840 2822 post
849 2721 1005 2802 ¹sublatam
1021 2747 1126 2802 notam
1140 2738 1328 2823 praedictam.

225 2849 314 2928 Nihil
340 2858 443 2925 autem
467 2849 610 2935 prohibet
633 2849 731 2917 dicere
755 2849 871 2933 aliquid
896 2871 962 2930 esse
985 2848 1076 2928 simul
1094 2848 1278 2914 accidentale
1298 2858 1329 2914 et

224 2959 373 3044 integrale
396 2960 483 3024 seriei
507 2960 655 3039 infinitae3
679 2959 789 3025 accidit
814 2960 898 3024 enim
923 2959 1162 3040 seriei-infinita
1182 2961 1329 3045 integrari

224 3092 279 3156 per
292 3070 384 3144 talem
399 3080 515 3151 notam,
525 3094 592 3156 quae
607 3072 633 3136 ai
648 3071 775 3152 deesset,
791 3072 891 3152 series,
906 3072 1011 3137 eadem
1026 3095 1155 3138 manens
1170 3072 1272 3158 quoad
1283 3094 1327 3152 ae,

224 3205 310 3267 aeque
323 3206 378 3268 per
393 3183 483 3247 aliam
498 3191 603 3247 notam
617 3184 832 3268 integraretur.

239 3339 242 3348 »
266 3295 406 3360 lactabis.
431 3294 465 3359 Si
479 3294 517 3359 de
532 3316 594 3359 una
608 3304 682 3359 nota
697 3295 757 3360 dici
770 3304 872 3380 potest
884 3296 966 3380 quod
977 3295 1017 3359 sit
1028 3295 1232 3375 accidentalis,
1244 3295 1326 3359 idem

225 3406 284 3474 dici
299 3406 412 3491 poterit
427 3406 464 3470 de
479 3405 667 3492 quibuslibet
681 3406 766 3486 aliis,
788 3406 872 3472 unde
887 3414 1040 3492 sequetur,
1056 3406 1140 3491 quod
1153 3414 1219 3474 tcta
1234 3407 1326 3472 series

221 3526 340 3582 constet
369 3518 507 3604 partibus
537 3517 595 3582 sibi
624 3517 871 3582 accidentalibus
920 3517 981 3582 Sed
1009 3517 1067 3582 boc
1095 3525 1143 3582 est
1171 3517 1326 3582 evidenter

223 3629 400 3700 absurdum.
446 3630 539 3714 Ergo.
787 3699 788 3704 1

151 3785 155 3790 -
265 3742 447 3828 Respondes
469 3742 537 3808 dict.
553 3743 604 3806 M.
626 3741 708 3806 idem
731 3741 790 3806 dici
812 3741 925 3826 poterit
946 3740 984 3808 de
1006 3739 1090 3804 omni
1112 3739 1171 3804 alio
1192 3761 1323 3812 numero

221 3856 308 3944 finito
322 3864 464 3921 notarum
480 3879 506 3921 c.
515 3856 565 3920 M.
579 3854 616 3918 de
630 3862 696 3918 tota
709 3853 830 3918 infinita
845 3853 921 3918 serie
935 3877 965 3918 u.
981 3854 1031 3918 M.
1076 3852 1167 3924 Ratio
1182 3860 1239 3931 cst,
1251 3852 1324 3937 quia

222 3966 349 4053 quilibet
363 3989 510 4032 numerus
525 3966 631 4034 finitus
646 3974 789 4033 notarum
805 3973 851 4033 est
866 3964 1060 4044 accidentalis
1070 3964 1162 4029 ¹seriei
1175 3963 1322 4054 infinitae,

220 4101 288 4163 quae
309 4078 388 4142 sicut
407 4100 470 4141 non
490 4079 683 4162 componitur
701 4076 857 4142 additione
876 4077 1044 4156 finitorum,
1065 4077 1118 4141 sed
1139 4076 1267 4152 resultat
1285 4099 1323 4140 ex

217 4190 348 4274 simplici
373 4188 480 4253 limitis
502 4189 676 4273 negatione,
700 4189 744 4252 ita
768 4189 833 4253 sine
858 4187 1052 4265 substantiali
1076 4188 1123 4252 sui
1152 4188 1322 4252 mutatione

147 4352 149 4356 .
219 4323 317 4379 carere
339 4308 440 4385 potest
462 4299 619 4384 quibusvis
641 4299 777 4365 numeris
800 4290 896 4380 finitis
917 4310 1070 4381 notarum.
1116 4300 1189 4364 Non
1216 4308 1320 4364 tamen

1585 353 1588 492 l
