3222 4984
238 384 310 430 err.
327 363 381 450 ιι]
551 383 593 430 ou
608 381 750 426 corrosa
767 381 825 425 cnr
841 380 879 424 m
897 378 1028 426 nunno,
1278 357 1340 423 173

239 522 452 628 certissimum,
467 546 551 633 quod
572 547 659 610 Deus
685 546 719 610 de
734 545 932 610 coluntotcins
955 545 1101 608 lominum
1123 543 1268 626 quidquid
1279 541 1343 606 vult

232 663 323 746 socit,
340 670 374 726 ut
400 661 443 726 ait
471 661 503 725 S.
524 659 720 744 Augustinus
738 659 790 744 (de
813 681 888 722 corr.
912 666 943 722 et
967 665 1045 742 grat.
1070 678 1095 721 o.
1124 657 1189 740 14),
1205 664 1236 720 et
1260 655 1343 740 quod

239 783 378 860 (portur
388 776 419 837 io
430 773 515 837 codis
525 772 597 835 celle
608 780 638 835 et
646 771 802 855 perficere,
812 779 847 834 ut
861 770 948 834 docet
959 769 991 834 S.
1005 769 1130 833 Paullus
1147 769 1198 851 (ad
1207 768 1341 852 Philipp.

240 885 287 966 2).
345 885 406 950 Sed
421 883 503 969 quod
528 883 615 946 Deus
637 882 729 946 faciat
752 882 811 946 hoc
832 905 888 967 per
911 881 1068 968 physicam
1094 861 1341 965 praedetermina·

243 996 360 1061 tionem
385 998 505 1060 virtutos
538 996 640 1060 ccticae
665 1017 736 1079 quse
761 1003 808 1058 est
833 995 866 1058 in
890 994 1056 1071 voluntate,
1083 994 1139 1058 hoc
1163 992 1249 1056 nulla
1273 991 1344 1056 talis

242 1108 406 1173 auctoritas
431 1106 552 1192 probat.
606 1106 652 1170 Ut
677 1115 780 1171 autem
806 1129 911 1171 verum
935 1107 976 1170 sit
997 1104 1094 1170 illud:
1132 1106 1191 1169 Cor
1214 1106 1292 1189 repis
1313 1106 1345 1167 irc

243 1243 331 1283 marcu
346 1220 479 1297 Domini,
496 1240 674 1302 quonamque
695 1219 820 1282 coluerit
842 1218 995 1282 inclinabit
1016 1218 1092 1281 illud
1107 1220 1205 1302 (prov.
1227 1237 1254 1280 c.
1277 1216 1345 1298 21),

244 1331 355 1396 sufficit
370 1337 407 1394 ut
420 1330 507 1394 Deus
534 1330 632 1393 sciens
659 1329 732 1413 quid
754 1329 891 1393 facturus
912 1336 991 1392 esset
1005 1327 1097 1392 homo
1111 1330 1144 1392 in
1158 1327 1346 1412 quibuslibet

243 1441 405 1521 adiunctis,
419 1449 514 1526 ponat
529 1463 564 1505 ea
578 1439 732 1520 adiuncta,
748 1441 780 1503 in
795 1440 907 1524 quibus
921 1439 1002 1504 videt
1024 1439 1180 1503 hominem
1195 1450 1345 1504 acturum.

245 1553 376 1620 concilii
412 1561 515 1617 autem
542 1551 714 1616 Tridentini
742 1551 904 1617 auctoritas
932 1573 1090 1636 perperam
1120 1550 1283 1616 adducitur
1314 1552 1347 1615 in

243 1665 376 1731 favorem
411 1663 735 1750 praedeterminationis
764 1663 915 1750 physicae:
953 1663 1027 1728 dicit
1052 1663 1149 1727 enim·
1165 1662 1347 1742 Concilium,

245 1778 367 1841 liberum
392 1775 547 1840 arbitrium
571 1784 680 1839 motum
705 1798 724 1839 c
747 1776 813 1839 Deo
839 1785 868 1840 et
893 1776 1051 1839 crocitatum
1074 1777 1224 1858 cooperari
1245 1777 1349 1840 divine

246 1890 378 1966 motioni,
395 1896 423 1952 et
440 1907 530 1971 posse
544 1887 707 1966 dissentire,
721 1890 749 1951 si
762 1888 841 1952 velit.
897 1887 1015 1952 sivero
1040 1895 1141 1972 potest
1164 1887 1264 1952 adhuc
1286 1888 1348 1952 dis-

247 2001 369 2078 sentire,
385 1999 437 2064 illa
459 1999 554 2063 motio
576 2021 639 2063 non
662 2007 708 2062 est
730 1999 1027 2083 praedeterminativa
1047 1998 1135 2064 liberi
1157 1999 1284 2080 arbitrii,
1295 1998 1347 2064 sed

247 2113 392 2197 relinquit
407 2110 597 2176 voluntatem
612 2111 836 2174 indifferentem
851 2111 891 2174 ed
905 2110 1156 2190 consentiendum
1168 2111 1215 2176 vel
1231 2111 1348 2176 dissen-

247 2224 407 2289 tiendum:
439 2246 526 2288 secus
547 2223 638 2289 verba
654 2222 784 2287 Concilii
802 2232 903 2287 essent
925 2222 1076 2302 absurda3
1109 2223 1255 2289 haberent
1267 2225 1349 2289 enim

247 2336 331 2400 hunc
355 2358 489 2415 sensum,
512 2335 596 2420 quod
627 2335 721 2398 homo
738 2342 841 2418 posset
862 2335 1025 2413 dissentire,
1047 2337 1075 2399 si
1096 2335 1191 2415 oeilct,
1214 2336 1267 2400 sed
1290 2360 1348 2400 noc

242 2455 345 2532 posset
359 2447 431 2510 veile
445 2447 598 2510 dissentire
606 2471 616 2524 3
639 2452 670 2509 et
693 2445 735 2508 sic
751 2444 887 2508 definitio
903 2443 1033 2509 concilii
1048 2456 1127 2511 esset
1148 2469 1225 2532 pure
1246 2470 1347 2533 nuga·

248 2559 336 2624 toria.
397 2559 516 2642 ltaque,
548 2565 683 2642 accepta¹
700 2555 886 2664 excitationq
909 2579 964 2620 seu
988 2565 1076 2622 motu
1105 2558 1137 2622 in
1174 2559 1349 2643 passivitate

248 2669 384 2748 affectus,
401 2669 504 2733 statim
519 2669 616 2732 virtus
638 2667 736 2732 activa
757 2667 921 2732 voluntatis
943 2668 1059 2733 invenit
1077 2691 1109 2733 se
1123 2679 1194 2734 actu
1205 2671 1349 2734 termina-

249 2790 313 2846 tam
338 2781 376 2845 ad
410 2779 573 2858 obiectum,
598 2778 682 2865 quod
707 2779 862 2863 regionem
893 2779 1061 2846 affectivam
1087 2782 1267 2846 naturaliter
1296 2791 1350 2847 aut

250 2891 521 2978 supernaturaliter
545 2899 656 2970 movet,
672 2898 703 2954 et
729 2891 771 2954 sic
797 2899 866 2974 post
892 2891 1102 2956 excitationem
1124 2901 1171 2956 est
1194 2895 1297 2958 statim
1317 2894 1351 2958 in

249 3011 338 3067 actu:
373 3001 436 3080 sed,
452 3023 549 3086 quum
574 3001 623 3064 hic
649 3009 735 3064 actus
759 3022 821 3064 non
845 3001 885 3064 sit
907 3000 967 3064 nisi
982 3002 1136 3066 materiale
1150 3013 1236 3068 actus
1251 3003 1350 3084 liberi,

250 3113 389 3178 nondum
405 3113 523 3197 positus
537 3110 720 3194 intelligitur
734 3120 820 3176 actus
835 3120 871 3175 ut
892 3111 987 3176 liber:
1021 3121 1052 3176 et
1072 3115 1245 3179 exercitium
1260 3115 1351 3180 liber·

250 3226 322 3289 tatis
336 3223 482 3288 consistet
505 3223 538 3287 in
561 3222 629 3302 hoc,
645 3221 737 3306 quod,
752 3223 832 3286 facta
856 3223 1053 3304 advertentia,
1069 3234 1175 3290 utatur
1197 3227 1289 3291 homo
1303 3228 1351 3292 vel

251 3359 313 3400 non
329 3343 434 3399 utatur
447 3334 601 3413 facultate,
617 3356 709 3418 quam
723 3333 826 3412 habet,
840 3333 949 3399 reflexe
971 3336 1148 3402 adhaerendi
1170 3338 1288 3403 obiecto
1303 3341 1350 3402 sui

252 3456 348 3526 actus,
363 3447 396 3510 in
419 3429 490 3510 hoc
503 3467 624 3530 nempe,
640 3445 724 3530 quod
747 3444 794 3509 vel
819 3456 989 3529 perseveret
1012 3447 1120 3514 reflexe
1145 3449 1179 3513 in
1200 3472 1256 3515 suo
1270 3460 1351 3529 actu,

251 3559 300 3625 vel
321 3557 450 3644 positive
475 3557 568 3621 elidat
595 3578 685 3620 suum
705 3565 808 3620 actum
831 3578 885 3640 per
907 3566 1011 3622 actum
1033 3561 1217 3644 oppositum.
1264 3555 1371 3626 Nihil

253 3691 326 3754 ergo
340 3669 462 3746 mirum,
480 3668 506 3732 si
519 3676 682 3753 postquam
706 3667 847 3732 voluntas
869 3669 1053 3753 supponitur
1067 3679 1150 3734 mota
1169 3679 1200 3735 et
1215 3673 1353 3752 excitata,

254 3782 355 3848 adhuc
377 3780 585 3846 consideratur
599 3787 635 3844 ut
657 3779 760 3844 valens
782 3781 944 3860 dissentire,
966 3783 993 3845 si
1014 3783 1092 3846 velit.
1124 3783 1172 3847 ‘Si
1186 3784 1269 3850 enim
1284 3787 1354 3851 vetit

248 3895 376 3978 positive
401 3891 572 3971 dissentire,
587 3900 681 3976 ponet
703 3900 805 3956 actum
828 3893 1013 3956 contrarium
1035 3892 1080 3956 illi
1102 3893 1135 3957 in
1157 3917 1219 3980 quo
1242 3919 1274 3960 se
1288 3919 1355 3962 esse

255 4005 472 4090 deprehendit:
496 4003 522 4068 si
543 4025 621 4082 vero·
635 4026 694 4066 oon
715 4004 786 4068 velit
801 4006 929 4087 positive
944 4004 1114 4083 dissentire,
1130 4006 1266 4071 manebit
1281 4009 1354 4072 rim-

255 4118 374 4204 pliciter
395 4117 430 4180 in
453 4138 508 4180 suo
529 4124 611 4194 actu,
627 4116 691 4200 qui,
706 4116 807 4201 posite
829 4117 1025 4196 advertentis,
1049 4118 1184 4204 acquiret
1196 4121 1354 4186 ¹rationem

253 4229 352 4294 liberi.
398 4228 465 4291 lam
487 4249 557 4292 vero
570 4248 760 4310 perseverare
782 4228 889 4292 refiexe
910 4228 943 4292 in
967 4251 1022 4293 suo
1044 4238 1115 4294 actu
1135 4254 1199 4296 non
1221 4234 1356 4318 postulat

255 4341 350 4406 ullam
372 4360 483 4403 novam
504 4337 715 4421 excitationem
730 4338 825 4423 (quia
846 4361 910 4404 non
932 4341 1035 4424 agitur
1061 4341 1099 4404 de
1121 4344 1263 4426 ponendo
1286 4356 1357 4411 actu
