3186 4982
267 339 333 404 264
585 358 743 402 suenrus
761 358 801 402 nr
817 357 1038 402 annuorum.
1221 335 1313 422 [von.
1331 354 1375 399 11.

269 527 348 584 cendi
361 547 386 583 n.
400 528 473 598 min,
487 533 574 582 status
587 527 688 582 mentis
699 533 762 601 post
773 527 856 583 talem
874 532 966 582 ectum
978 545 998 580 a
1013 526 1077 580 mia.
1091 530 1120 579 et
1131 544 1156 579 n.
1171 541 1238 578 cona
1275 519 1379 594 Opinio

268 619 360 669 eutem
372 631 388 669 a
399 613 481 670 dubio
493 613 612 686 positivo
621 613 799 686 distinguitur
804 619 837 668 ut
846 619 933 669 status
945 617 1052 685 ostatu,
1060 629 1116 667 non
1127 616 1160 666 ut
1171 615 1248 667 actus
1258 609 1292 664 ab
1300 611 1375 663 ectu.

268 701 340 757 Vide
352 701 427 757 dicta
438 702 474 757 ed
485 701 629 775 septimam
641 701 782 756 rationem.

304 789 390 844 Nona.
416 787 560 844 (lentitudo
572 795 615 843 est
625 789 704 843 firme
713 788 833 844 adhaesio
844 786 964 857 veribti,
977 791 1005 842 et
1015 786 1083 842 dicit
1094 785 1252 841 firmitatem
1270 780 1376 838 iudicii.

270 875 343 948 Ergo
367 875 455 947 primo
478 875 611 930 iudicium
636 881 678 931 est
701 875 820 930 edhaesio
843 875 959 930 mentis:
990 873 1117 942 secundo,
1141 889 1226 945 quum
1255 868 1377 925 adhaesio

270 979 326 1017 non
343 961 423 1016 detur
439 960 493 1016 nisi
515 960 620 1016 obiecto
642 961 760 1032 cognito,
773 960 868 1016 debuit
883 960 1067 1016 edhoesionem
1083 960 1237 1033 'praecedsre
1257 955 1377 1012 intuitus

271 1047 478 1104 convenientiae.
519 1048 600 1120 Ergo.

307 1135 469 1208 Respondeo
481 1153 501 1190 c.
517 1141 569 1190 ant.
584 1135 641 1190 det.
655 1153 720 1190 cona
734 1134 867 1190 iudicium
884 1134 913 1189 in
930 1134 1004 1190 fecto
1023 1151 1080 1189 esse
1092 1152 1113 1189 c.
1127 1151 1193 1188 cera.
1207 1133 1237 1186 in
1254 1131 1312 1187 fieri
1330 1147 1379 1184 seu

271 1207 347 1278 actrss
359 1221 496 1277 iudicandi
508 1241 533 1276 a.
543 1240 610 1276 cona.
619 1222 654 1276 ad
667 1222 781 1277 alterum
792 1239 860 1278 conc.
869 1226 898 1276 et
906 1221 959 1276 hoc
968 1220 1057 1275 solum
1069 1219 1200 1292 sequitur,
1213 1219 1287 1291 quod
1298 1217 1376 1289 quies

272 1308 301 1362 in
313 1313 376 1363 actu
389 1312 523 1380 supponat
532 1313 632 1362 ectum.

308 1394 427 1450 Decime.
447 1394 585 1449 Iudicium
606 1400 647 1448 cst
659 1412 676 1448 a
688 1394 746 1450 iure
758 1395 881 1450 dicendo.
926 1394 982 1449 Sed
994 1395 1037 1449 ius
1049 1394 1137 1450 dicere
1154 1410 1209 1448 non
1227 1398 1269 1448 cst
1280 1408 1378 1464 appre-

272 1482 389 1537 hendere
402 1482 449 1536 sed
459 1483 521 1554 dere
533 1481 705 1536 sententiam.
742 1481 823 1552 Ergo.

306 1569 477 1641 Respondeo,
490 1567 620 1623 vocabula
631 1568 735 1640 imponi
753 1569 788 1624 ad
806 1585 848 1622 res
865 1567 1011 1624 exteriores
1029 1567 1227 1640 significandas,
1240 1571 1269 1620 et
1279 1563 1378 1619 deinde
1460 1611 1463 1616 .

272 1655 409 1710 transferri
420 1655 456 1709 ad
466 1673 509 1709 res
516 1655 652 1708 internas:
672 1654 745 1709 unde
755 1654 795 1708 nil
807 1654 907 1709 mirum
919 1660 989 1709 esset
1000 1655 1073 1726 quod
1084 1654 1215 1709 iudicium
1227 1653 1331 1706 dictum
1340 1650 1380 1704 sit

272 1743 359 1815 primo
371 1742 406 1797 nd
418 1741 625 1814 significaudrun
638 1743 711 1813 quod
722 1742 780 1795 inre
792 1741 900 1810 dicitur,
912 1742 942 1796 id
954 1748 995 1796 est
1012 1742 1085 1813 quod
1100 1741 1202 1795 dicitur
1218 1758 1276 1794 carn
1287 1738 1378 1808 rayni-

273 1832 348 1898 timw,
362 1829 494 1884 etdeinde
505 1830 540 1883 ad
551 1828 755 1900 significandam
768 1829 855 1901 ipsam
866 1829 1001 1882 intemem
1013 1827 1204 1898 cognitionem.
1241 1825 1378 1880 Oaetmum

272 1914 456 1981 verbar'uda'co,
470 1915 564 1983 dedico,
583 1915 707 1985 praedico,
726 1916 835 1982 vindico,
856 1915 949 1983 indico,
969 1931 1031 1969 cum
1050 1914 1203 1986 penultima
1219 1911 1303 1982 brevi,
1321 1928 1377 1964 non

272 2002 400 2057 videntur
411 2019 428 2056 a
439 2000 521 2056 verbo
533 2002 617 2057 dicere
629 2001 761 2074 originem
773 2003 877 2058 ducere.
920 2001 962 2056 De
977 2019 1031 2073 que
1048 2019 1076 2056 re
1093 2001 1257 2074 superfluum
1274 2005 1315 2054 est
1326 1999 1380 2052 hoc

274 2088 334 2142 loeo
346 2088 425 2161 plura
436 2088 542 2143 addere.

306 2174 464 2229 Undecima.
510 2174 610 2230 Iudicii
630 2175 768 2248 expressio
788 2181 830 2230 est
850 2175 1006 2248 propositio,
1028 2191 1082 2247 que
1099 2192 1185 2228 unum
1203 2191 1260 2228 esse
1278 2173 1378 2228 dicitur

273 2262 403 2316 alterum:
431 2263 459 2314 A
472 2263 552 2316 estB.
591 2262 737 2334 Expressio
758 2279 822 2317 vero
837 2261 1017 2334 perceptionis
1037 2260 1235 2316 convenientiae
1256 2264 1311 2314 est:
1338 2277 1379 2314 rea

275 2347 341 2401 mini
352 2348 452 2402 ridetur
463 2348 502 2402 ita
514 2366 540 2402 ae
551 2349 651 2403 babere.
689 2348 769 2420 Ergo·

308 2433 470 2506 Respondes
489 2451 544 2503 neq.
567 2441 619 2489 ant.
638 2435 710 2506 quod
729 2435 875 2489 secundam
893 2440 1014 2507 partem:
1041 2434 1105 2505 quia
1122 2434 1172 2488 illa
1189 2438 1231 2488 est
1242 2431 1378 2506 expressio

273 2520 366 2574 iudicii
379 2521 507 2592 opinaticr'
517 2527 634 2590 tentum,
648 2526 677 2576 et
692 2521 826 2576 iudiciuin
838 2521 1009 2594 opinativum
1026 2540 1081 2576 non
1093 2521 1255 2594 exprimitur
1266 2520 1380 2575 dicendo

274 2608 303 2659 A
311 2613 347 2660 eat
358 2608 394 2676 B,
408 2607 455 2660 sed
467 2606 582 2662 dicendo
595 2608 663 2661 mili
673 2608 774 2662 videtur
786 2611 813 2661 A
823 2627 874 2662 esse
885 2610 920 2662 B.
957 2608 1102 2681 Expressio
1120 2626 1184 2664 vcra
1201 2607 1380 2681 perceptionis

274 2693 471 2748 convenientiae
490 2693 563 2747 sicut
579 2698 607 2748 et
618 2693 706 2749 omnis
717 2694 812 2749 iudicii
825 2700 867 2749 ert
884 2694 995 2749 endem:
1029 2700 1057 2749 et
1074 2696 1119 2750 vel
1137 2699 1179 2750 est
1196 2694 1338 2764 obiective,
1352 2699 1381 2748 et

274 2785 340 2834 tune
361 2786 403 2835 est
421 2781 498 2834 haec:
525 2783 553 2834 A
565 2782 799 2860 conventionem
813 2781 857 2836 vel
879 2789 920 2836 est
941 2780 1099 2851 subiectiva,
1119 2788 1147 2837 et
1167 2787 1234 2836 tunc
1251 2787 1293 2836 est
1303 2781 1380 2836 baec:

281 2867 359 2944 Vidn
371 2869 400 2920 A
410 2868 541 2921 conuenire
553 2886 612 2921 cum
622 2869 665 2921 B:
685 2873 713 2922 et
724 2868 798 2922 istud
809 2868 883 2922 indeo
900 2886 954 2921 non
973 2868 1109 2940 significat
1126 2869 1195 2923 mibi
1205 2869 1314 2937 videtur,
1333 2867 1381 2922 scd

253 2945 258 2955 ’
270 2954 396 3024 percipio,
409 2955 517 3023 intueor,
531 2973 623 3022 censeo,
637 2955 733 3009 indico.
777 2956 824 3009 Ad
844 2950 1021 3025 exprimendo
1038 2974 1102 3010 vero
1118 2955 1221 3011 iudicia
1234 2954 1382 3028 opinative,

276 3041 321 3094 vel
334 3040 368 3094 ad
381 3041 551 3109 modestiam,
564 3041 709 3096 adhibetur
721 3041 839 3095 formula
856 3041 922 3095 mini
936 3042 1045 3111 en'detnr,
1058 3043 1103 3098 vel
1113 3043 1220 3112 sorren,
1233 3043 1279 3097 vel
1284 3043 1383 3114 proba·

276 3127 369 3194 biliter,
383 3126 428 3179 vel
441 3126 507 3197 quid
519 3126 616 3181 simile.

310 3210 485 3264 Duodecimn.
531 3212 649 3281 Accidit,
674 3218 706 3267 ut
729 3213 799 3285 quis,
819 3219 946 3286 percepta
970 3215 1160 3270 convenientis
1182 3217 1309 3284 duorum,
1326 3233 1382 3268 non

277 3298 376 3353 audeat
387 3297 520 3352 iudicium
533 3299 608 3354 ferre.
645 3299 726 3372 Ergo.

312 3385 474 3458 Respondeo
482 3387 540 3440 diet.
550 3393 602 3440 ant.
613 3387 637 3441 si
648 3388 775 3442 indiciam
785 3389 863 3461 serre
876 3388 1008 3462 accipitur
1019 3407 1067 3461 pro
1079 3389 1137 3462 ipso
1150 3395 1213 3445 actu
1225 3389 1384 3463 simpliciter

276 3471 414 3526 iudicandi
427 3491 451 3525 n.
471 3479 524 3527 ant.
544 3472 567 3526 si
583 3473 699 3527 sumitur
716 3492 764 3546 pro
783 3480 849 3542 actu
862 3474 971 3544 reflexo,
990 3493 1044 3546 quo
1062 3475 1169 3547 quisse
1187 3475 1254 3530 satis
1271 3481 1383 3530 conten·

278 3567 338 3614 turn
351 3559 450 3632 reperit
467 3559 496 3614 in
514 3560 632 3632 simplici
650 3561 760 3630 iudicio,
773 3567 801 3616 et
821 3563 960 3616 renuntiet
978 3561 1056 3616 novis
1074 3561 1297 3633 inquisitionibus
1313 3561 1385 3616 eirca

278 3647 335 3702 eius
347 3647 490 3702 veritatem
503 3667 523 3702 c.
537 3654 590 3701 ant.
604 3653 632 3703 et
643 3667 667 3702 n.
688 3667 754 3703 cona.
791 3648 901 3703 Dicitur
915 3639 989 3703 enim
1007 3647 1105 3719 aliquis
1123 3667 1178 3703 non
1196 3650 1295 3710 audere
1312 3649 1381 3702 ferre

279 3734 412 3788 iudicium
423 3734 453 3787 in
466 3735 517 3788 hoc
526 3752 607 3788 sensu
618 3736 699 3806 quod,
713 3735 764 3790 etsi
776 3735 860 3790 habet
872 3735 1004 3790 iudicium
1016 3734 1162 3807 probabile,
1175 3753 1229 3790 non
1246 3735 1329 3790 habet
1341 3751 1384 3791 es·

278 3837 387 3875 sensum
399 3821 516 3888 firmum,
528 3820 576 3874 sed
588 3821 709 3892 agnoscit
721 3821 909 3876 necessitatem
922 3821 1056 3876 ulterioris
1069 3812 1209 3891 examinis,
1220 3821 1284 3894 quia
1295 3826 1384 3874 rerum

279 3907 496 3962 convenientiam
508 3924 563 3960 non
575 3907 715 3978 adaequate
726 3908 853 3981 percepit
898 3907 979 3962 Unde
998 3908 1058 3964 haec
1079 3907 1147 3962 retio
1166 3926 1221 3961 non
1239 3905 1385 3962 concludit.

278 3997 385 4048 Auctor
396 4011 460 4048 vero
477 3998 556 4064 putat
569 3993 672 4066 (psych.
686 4012 712 4048 n.
726 3995 791 4066 492)
805 4012 884 4049 omne
898 3993 1031 4048 iudicium
1049 4012 1107 4049 esse
1125 3999 1218 4048 actum
1235 3993 1383 4060 reflexum,

279 4099 351 4148 narn,
369 4087 398 4134 ut
418 4079 482 4133 diere
497 4086 686 4148 comparentur,
703 4079 803 4152 inquit,
821 4087 845 4134 et
860 4081 1015 4134 adinvicem
1033 4081 1193 4149 ordinentur,
1206 4080 1347 4134 intellectas
1358 4079 1386 4133 in

279 4185 340 4221 seraa
351 4167 422 4220 ideas
439 4165 549 4219 reversio
561 4167 702 4220 necessario
719 4167 868 4236 requiritur.
907 4167 962 4221 Sed
981 4167 1049 4236 dico,
1063 4185 1126 4222 eum
1143 4167 1190 4238 qui
1208 4167 1319 4235 iudicat,
1331 4184 1385 4221 non

279 4270 433 4324 comparare
445 4253 523 4314 abae,
532 4253 579 4307 sed
591 4253 686 4307 obiecta
697 4253 765 4308 ideis
777 4259 980 4324 repraesentata,
1000 4271 1054 4308 non
1066 4273 1129 4326 ergo
1141 4254 1287 4310 revertitur
1299 4254 1334 4308 ed
1349 4271 1385 4323 se,

279 4341 327 4398 scd
340 4340 440 4394 directe
453 4339 563 4411 inspicit
576 4346 653 4394 extra
662 4359 697 4394 se.
735 4341 773 4399 Et
785 4342 844 4397 brec
857 4341 999 4397 sufficiant.
