3186 4982
198 327 283 396 Ιιιοι.
300 333 354 416 11.]
528 354 689 397 nonanus
707 355 747 396 ar
762 351 985 398 suanorum.
1244 325 1308 388 25⁷

241 517 270 589 c)
289 517 422 574 Identitas
437 519 526 592 logica
542 525 584 576 est
600 521 695 576 relatio
710 521 823 576 frmdata
836 521 865 576 in
883 521 988 576 unitate
1005 518 1076 575 entis
1094 515 1191 589 logici:
1211 518 1239 568 et
1254 529 1309 565 non

206 609 248 658 est
259 605 346 675 realis,
356 607 403 661 sed
415 608 549 678 mentalis,
560 626 608 662 seu
620 608 739 663 rationis.
776 608 918 664 Dividitur
925 611 1017 664 autern
1029 607 1058 660 in
1071 623 1138 673 eam,
1149 619 1210 675 quae
1226 599 1309 654 habet

139 686 143 696 '
206 689 414 746 fundamentum
432 693 461 747 in
481 711 518 762 re,
532 712 592 766 quaa
611 694 665 749 dici
686 701 777 767 posset
793 696 885 764 maior,
898 699 927 748 et
946 695 975 748 in
994 711 1055 747 eam
1073 707 1135 764 quae
1151 707 1207 743 non
1227 685 1310 740 habet

206 777 412 834 fundamentum
424 781 477 835 nisi
488 781 517 835 in
528 786 629 850 mente,
639 798 699 852 quae
712 782 767 836 dici
778 786 868 854 posset
880 781 972 835 mium.
999 779 1092 834 Habet
1103 776 1310 832 fundamentum

206 863 236 918 in
253 883 282 920 re
293 866 422 923 identitas
433 868 497 940 equi
514 886 577 923 cum
589 869 698 924 homine
710 869 760 924 sub
778 873 910 942 conceptu
922 869 1059 937 animalis;
1078 867 1143 939 quia
1158 861 1310 919 animalitas

208 955 249 1004 est
266 951 377 1023 quidem
394 954 424 1008 in
440 971 509 1026 equo
527 961 555 1009 et
568 954 598 1008 in
616 955 726 1010 homine
742 956 857 1025 realiter,
872 956 920 1010 sed
937 974 991 1009 non
1008 960 1050 1009 est
1066 952 1174 1008 realiter
1189 967 1259 1018 una3
1278 952 1311 1000 ut

208 1037 281 1092 enim
301 1045 343 1094 est
360 1040 467 1095 realiter
487 1035 516 1095 iri
536 1041 654 1112 homine,
673 1042 789 1097 includit
809 1043 927 1097 animam
946 1041 1113 1108 rationalem,
1133 1043 1165 1094 ut
1184 1053 1248 1093 vero
1269 1039 1311 1087 est

208 1125 316 1180 realiter
335 1127 448 1200 ineque
464 1127 582 1183 includit
597 1129 716 1184 animam
732 1129 930 1184 irrationalem:
950 1147 1032 1202 quara
1048 1127 1208 1194 animalitas,
1220 1129 1253 1178 ut
1268 1126 1311 1176 est

209 1211 275 1284 quid
292 1231 434 1269 commune
445 1215 550 1270 homini
563 1222 591 1294 at
608 1233 685 1288 equo,
698 1234 753 1270 ιιοιι
771 1222 812 1270 est
822 1215 875 1271 nisi
887 1234 934 1272 ens
951 1216 1080 1288 logicum,
1094 1231 1147 1286 quo
1163 1225 1310 1285 repraesen-

208 1302 282 1361 tatur
293 1319 385 1372 genus.
422 1302 499 1357 Idem
515 1303 560 1358 dic
577 1304 611 1358 de
626 1304 769 1358 identitate
785 1304 861 1360 Petri
877 1321 940 1358 cum
957 1305 1055 1358 Paullo
1076 1301 1165 1375 quoad
1182 1296 1310 1354 humani-

208 1389 311 1441 tatem:
330 1388 485 1444 humanitas
497 1391 571 1443 enim
586 1406 641 1444 non
658 1393 700 1444 est
713 1390 857 1458 numerica,
870 1390 918 1444 sed
935 1391 1057 1463 specifice
1070 1395 1177 1443 tantum
1192 1384 1311 1440 identica

208 1471 238 1525 in
249 1472 412 1530 individuis:
431 1480 460 1530 et
470 1476 572 1548 species
582 1481 623 1532 est
634 1476 817 1548 analogicum.
837 1475 939 1532 Contra
951 1495 1004 1530 non
1012 1476 1095 1532 habet
1103 1474 1311 1528 frmdamentum

209 1557 239 1611 in
248 1576 276 1613 re
288 1559 417 1616 identitas
428 1561 499 1616 inter
508 1581 601 1616 aarum
613 1568 641 1616 et
648 1563 787 1617 subiactum
795 1563 992 1636 propositionis,
1002 1580 1056 1635 qua
1066 1562 1128 1617 dico
1138 1580 1144 1614 ι
1165 1561 1263 1614 Sonam
1275 1561 1312 1609 eat

207 1664 303 1715 prave:
322 1654 351 1703 et
362 1648 488 1705 similiter
501 1650 629 1704 identitas
640 1650 712 1704 inter
730 1650 830 1704 animal
841 1653 869 1703 at
878 1668 965 1720 penus,
979 1650 1050 1704 inter
1060 1655 1097 1704 cat
1108 1654 1136 1703 et
1148 1648 1265 1718 ιφιιῑαιιι
1283 1651 1312 1701 et

209 1732 263 1788 alis
274 1733 421 1805 eiusmodi3
440 1737 552 1792 evidens
564 1737 636 1792 enim
648 1742 697 1804 est,
706 1737 840 1790 unitatem
851 1753 912 1808 quae
921 1736 950 1790 in
962 1737 1006 1792 his
1015 1735 1152 1791 invenitur
1165 1751 1220 1789 esse
1233 1733 1311 1799 unice

210 1837 258 1891 per
273 1828 441 1896 conceptum,
454 1841 539 1895 quum
557 1841 649 1896 genus,
662 1823 825 1893 subiectum,
838 1823 935 1895 copula
951 1827 1001 1878 etc.
1014 1822 1071 1877 sint
1088 1820 1163 1876 entia
1182 1820 1211 1874 in
1229 1818 1311 1873 intel·

210 1905 283 1961 lectu
294 1914 408 1964 tutum.
1259 1901 1264 1908 ’

246 1993 283 2049 Π.
302 1995 776 2067 Distinctioeataeqata'oidanta'totia:
796 2001 824 2050 et
835 1995 989 2068 ideomagis
998 2001 1039 2050 est
1051 1994 1159 2067 negatio
1166 1992 1312 2061 relationis,

212 2097 294 2151 quam
314 2081 424 2152 relatio;
442 2089 581 2156 ponuntur
599 2083 672 2137 enim
691 2081 810 2150 termini,
830 2082 877 2136 sed
897 2099 952 2136 non
971 2081 1178 2137 fundamentum
1198 2097 1252 2152 quo
1269 2096 1312 2134 re-

212 2165 340 2222 ferantur.
376 2167 429 2223 Tot
448 2174 541 2224 autem
562 2169 702 2224 evidenter
719 2186 777 2224 esse
798 2167 898 2222 debent
916 2168 1098 2223 distinctionis
1119 2168 1228 2240 species,
1247 2170 1314 2238 quot

212 2254 305 2326 negari
315 2255 711 2328 possuntspeciesidentitatis.
898 2252 900 2256 ’

249 2342 278 2413 a)
296 2341 389 2396 Primo
406 2342 498 2414 igitur,
511 2343 535 2397 si
550 2348 664 2416 negetur
681 2343 810 2398 identitas
821 2343 901 2397 realis
916 2343 1029 2415 physica
1039 2343 1152 2397 fundata
1168 2342 1198 2396 in
1210 2342 1315 2395 unitate

213 2428 357 2497 numerica,
377 2428 521 2484 habebitur
541 2429 680 2484 distinctio
699 2429 779 2483 realis
797 2428 925 2501 physica:
945 2429 1050 2483 dicetur
1070 2434 1163 2484 autem
1184 2429 1277 2496 maior,
1291 2429 1315 2482 si

212 2515 341 2580 identitas
361 2524 476 2588 negetur
495 2517 645 2589 adaequate,
667 2521 699 2570 ut
719 2534 803 2587 quum
824 2533 858 2570 ex
879 2521 938 2570 toto
959 2523 1074 2588 negatur
1093 2516 1221 2570 identitas
1244 2517 1315 2570 inter

213 2602 351 2658 Socratem
364 2607 393 2658 et
403 2603 563 2658 Platonem:
583 2604 677 2671 minor,
689 2602 713 2656 si
728 2602 855 2658 identitas
867 2608 981 2674 negetur
996 2603 1175 2675 inadequate,
1187 2608 1220 2655 ut
1231 2620 1315 2674 quum

212 2706 267 2742 non
279 2707 314 2742 ex
326 2694 386 2743 toto
400 2694 515 2761 negatur
525 2689 655 2745 identitas
667 2689 739 2744 inter
750 2689 864 2742 Petrum
876 2694 904 2743 et
916 2689 974 2744 eius
986 2690 1112 2757 animam,
1126 2689 1171 2744 vel
1182 2690 1253 2743 inter
1265 2689 1313 2742 do·

210 2794 289 2830 nrum
298 2780 327 2830 et
338 2777 395 2831 eius
407 2781 519 2846 tectum,
529 2777 601 2831 inter
609 2776 747 2848 Europam
758 2782 787 2830 et
794 2776 976 2843 Germaniam,
987 2783 1037 2830 etc.
1068 2777 1165 2848 Itaque
1176 2776 1315 2830 distinctio

213 2863 292 2917 realis
309 2863 395 2916 maior
412 2862 532 2934 postulat
549 2867 581 2916 ut
595 2866 684 2916 totum
701 2862 844 2934 physicum
861 2867 975 2933 negetur
992 2863 1025 2916 de
1040 2863 1094 2916 alio
1110 2866 1169 2917 toto
1186 2862 1314 2936 physico:

213 2951 303 3004 minor
322 2950 443 3022 postulat
462 2955 501 3017 ut*
514 2954 603 3004 totum
621 2950 764 3022 physicum
781 2954 896 3021 negetur
914 2950 948 3003 de
968 2955 1044 3022 parte
1061 2950 1181 3023 physica,
1190 2950 1237 3004 ‘vel
1255 2968 1316 3022 pars

215 3037 248 3092 de
261 3043 327 3092 toto.

249 3125 292 3180 Ea
306 3141 368 3197 quse
379 3125 488 3178 realiter
502 3124 613 3197 physice
626 3123 831 3196 distinguuntur
848 3121 962 3195 possunt
973 3123 1108 3178 enuntiari
1120 3123 1242 3178 terminis
1254 3124 1320 3178 aba·

213 3211 314 3267 tractis.
352 3211 397 3265 Sic
421 3211 577 3268 humanitas
598 3216 627 3266 et
646 3210 788 3266 brutalitas
812 3210 920 3265 realiter
943 3210 1155 3282 distinguuntur,
1179 3211 1244 3266 licet
1266 3229 1316 3266 nec

213 3297 368 3353 humanitas
383 3315 433 3352 nec
444 3297 587 3353 brutalitas
603 3302 635 3351 ut
651 3297 689 3351 sic
705 3297 832 3351 existant
870 3295 954 3350 Ratio
970 3302 1018 3365 est,
1038 3297 1101 3368 quia
1116 3297 1180 3352 licet
1197 3297 1315 3366 termini,

214 3386 261 3458 qui
280 3391 475 3458 comparantur,
490 3384 664 3440 obtineantur
680 3402 728 3455 per
745 3382 961 3451 abstractionem,
973 3401 1028 3437 non
1047 3389 1139 3436 tamen
1150 3401 1197 3455 per
1213 3383 1316 3438 abstra-

213 3473 331 3527 ctionem
342 3471 523 3529 introducitur
538 3470 647 3542 negatio
664 3469 824 3538 identitatis,
837 3486 897 3541 quaa
916 3489 1016 3524 omnam
1032 3470 1229 3524 abstractionem
1242 3487 1315 3541 prce·

214 3559 280 3613 cedit
287 3558 395 3613 realiter
405 3559 435 3612 in
442 3559 500 3631 ipso
512 3557 623 3612 homine
635 3562 664 3611 et
672 3556 759 3626 bruto,
767 3574 801 3610 ex
813 3555 911 3628 quibua
921 3555 1063 3611 devenitur
1074 3557 1109 3612 ad
1118 3557 1316 3612 humanitatem

215 3650 244 3698 et
254 3643 445 3698 brutalitatem.
783 3686 786 3694 .

251 3729 439 3784 Certissimum
451 3729 559 3801 signum
570 3727 753 3784 distinctionis
765 3729 844 3782 realia
856 3729 975 3801 physicae
988 3733 1029 3783 est
1042 3729 1173 3800 separatio
1182 3730 1227 3784 vel
1239 3748 1315 3804 sepa·

215 3813 336 3868 rabilitas
357 3829 457 3881 eorum,
477 3831 537 3885 quae
557 3813 686 3868 distincta
706 3813 847 3868 dicuntur:
872 3813 912 3866 ita
929 3816 968 3881 ut,
991 3812 1097 3884 quando
1116 3812 1254 3868 distinctio
1275 3821 1317 3868 est

215 3900 309 3967 maior,
322 3903 468 3970 utrumque
483 3900 572 3954 valeat
587 3904 706 3970 separate
725 3898 848 3967 existere,
862 3898 969 3970 quando
985 3916 1048 3953 vero
1065 3903 1107 3952 est
1123 3898 1218 3969 minor,
1231 3919 1317 3956 unum

215 3990 249 4044 de
268 3985 373 4042 duobus
390 3987 481 4041 valeat
501 3987 615 4040 existere
636 3991 764 4058 separate.
800 3986 884 4040 Ratio
902 3990 951 4050 est,
963 3985 1026 4058 quia
1046 4002 1107 4056 quae
1125 3991 1189 4039 sunt
1206 3989 1316 4059 physice

215 4075 356 4144 adaequate
372 4071 508 4140 distincta,
521 4072 641 4126 existunt
658 4071 787 4124 distincto
805 4077 869 4125 actu
883 4071 1001 4143 physice.
1039 4069 1069 4124 si
1082 4076 1173 4125 autem
1190 4072 1317 4128 distincto

215 4167 279 4216 actu
291 4159 402 4232 physice
420 4158 549 4228 existunt,
562 4157 707 4211 existentia
719 4157 799 4210 unius
811 4175 865 4211 non
880 4158 981 4229 pandet
991 4157 1025 4210 ab
1040 4157 1185 4212 existentia
1196 4161 1313 4216 alterius.

215 4246 331 4314 Quando
340 4263 403 4300 vero
417 4243 555 4298 distinctio
568 4248 610 4296 est
620 4243 716 4310 minor,
725 4248 791 4295 tunc
803 4260 887 4296 unum
899 4247 988 4296 totum
1000 4241 1143 4314 physicum
1154 4262 1209 4298 non
1222 4247 1316 4301 existit

214 4342 246 4390 ut
264 4339 354 4388 totum
375 4332 427 4402 nisi
444 4350 492 4405 per
509 4337 599 4387 actum
617 4330 825 4401 uniuscuiusque
843 4331 934 4402 partis,
947 4337 977 4384 ut
989 4331 1087 4384 Petrus
1105 4349 1153 4402 per
1171 4351 1266 4406 corpus
1287 4343 1316 4404 et

261 4442 333 4488 VOL.
351 4441 405 4484 111.
1125 4441 1141 4482 S
