3212 4986
276 297 319 360 42
765 317 808 360 nn
824 317 899 360 nno.
1237 296 1322 380 [aar.
1340 313 1380 359 11.

275 489 354 546 esset
373 491 498 548 sendus
515 491 546 548 et
565 482 675 548 bonus.
722 483 784 549 Sed
807 492 894 550 actus
918 483 1114 550 accidentalis
1134 482 1256 548 volendi
1278 491 1380 568 potest

275 613 341 658 esse
355 593 456 658 malus
470 602 502 658 et
517 593 697 658 inhonestus
712 593 876 680 multiplici
892 594 992 674 modo,
1005 603 1073 658 tum
1088 592 1296 673 materialiter,
1311 603 1379 660 tum

274 704 451 769 formaliter.
497 705 698 770 Materialiter
717 706 817 770 malus
835 714 882 770 est
901 705 1025 790 quando
1038 712 1164 790 propter
1177 727 1309 770 errorem
1324 713 1378 769 aut

274 818 479 902 ignorantiam
503 818 619 884 bonum
646 818 886 904 apprehenditur
911 827 947 883 ut
973 818 1099 899 malum,
1125 826 1179 882 aut
1206 817 1321 882 malurn
1343 826 1379 884 ut

274 928 409 995 bonnnn
437 929 605 995 formaliter
633 931 733 995 malus
756 938 812 1010 est,
835 931 957 1016 qnando
979 930 1132 996 obiectum
1155 951 1218 995 non
1240 929 1380 1014 diligitur

275 1041 444 1106 secundum
466 1043 609 1108 meritum
630 1043 697 1106 eius
719 1050 791 1108 actu
812 1043 990 1128 cognitum:
1012 1043 1208 1109 materialiter
1221 1051 1253 1107 et
1267 1042 1379 1107 forma·

274 1152 344 1218 liter
354 1153 453 1233 malus
463 1162 521 1233 est,
533 1153 656 1239 qnando
667 1163 834 1239 utrumque
845 1154 936 1219 simul
948 1153 1111 1240 contingit.
1156 1153 1263 1231 Quum
1275 1163 1378 1218 autem

275 1264 391 1330 malum
406 1265 447 1330 sit
462 1265 608 1346 defectus,
619 1288 710 1331 causa
720 1277 817 1346 actus,
829 1274 865 1330 ιιι
880 1265 1079 1331 materialiter
1088 1265 1172 1345 mali,
1184 1273 1231 1330 eat
1244 1266 1379 1331 defectus

274 1376 468 1460 perfectionis
489 1376 522 1440 in
545 1377 767 1461 cognoscendo,
782 1377 836 1462 qui
856 1376 993 1442 defectus
1010 1377 1104 1442 habet
1121 1377 1270 1442 rationem
1284 1399 1379 1461 nega-

275 1488 368 1552 tionis
396 1489 429 1552 in
454 1489 637 1573 ignorantia,
662 1488 842 1574 privationis
871 1489 905 1552 in
934 1489 1047 1553 iudicio
1076 1488 1172 1554 falso:
1195 1511 1287 1554 causa
1308 1511 1378 1554 vero

275 1608 370 1679 actus,
382 1609 417 1664 ut
432 1599 600 1664 formaliter
611 1600 776 1680 inhonesti,
788 1610 835 1665 est
845 1600 981 1665 defectus
990 1599 1185 1686 perfeetionis
1194 1601 1228 1664 in
1239 1600 1376 1679 volendo,

275 1711 329 1796 qui
351 1711 487 1777 defectus
508 1710 603 1776 habet
624 1711 773 1776 rationem
794 1711 982 1796 privationis,
1001 1711 1074 1797 quia
1088 1711 1230 1777 voluntas
1248 1711 1378 1777 scienter

273 1823 373 1908 privat
388 1845 478 1887 sunm
493 1831 595 1887 actum
610 1822 794 1908 perfectione
809 1845 864 1908 per
879 1823 1018 1889 ordinem
1033 1822 1178 1888 moralem
1191 1824 1348 1908 requisita.

318 1937 371 1999 52.
396 1935 479 2000 Hinc
493 1934 615 2000 violatio
638 1933 755 1998 ordinis
776 1934 900 1999 moralis
921 1957 984 1999 non
1008 1942 1151 2000 causatur
1168 1955 1204 1996 ex
1221 1933 1280 1998 hoc
1295 1933 1377 2019 quod

274 2045 414 2112 volomtas
429 2054 573 2112 ereaturae
588 2046 628 2110 sit
642 2045 749 2125 libera,
760 2045 815 2110 sed
829 2069 865 2119 ex
879 2046 938 2110 hoc
953 2045 1037 2131 quod
1051 2054 1190 2110 ereatura
1200 2045 1234 2110 in
1245 2068 1305 2110 usu
1314 2067 1376 2110 sum

273 2157 422 2222 libertatis
431 2157 526 2243 possit
535 2157 707 2237 deficere,et
716 2166 787 2222 actu
796 2157 868 2222 velit
878 2157 1016 2236 deficere3
1031 2179 1103 2221 nam
1112 2156 1377 2242 formalitasaqua

274 2278 359 2334 aetus
378 2269 456 2334 liber
474 2269 568 2334 habet
587 2270 735 2334 malitiam
749 2269 867 2334 nullam
882 2291 1003 2334 causam
1018 2268 1180 2355 positivam
1196 2268 1376 2348 efficientem

274 2382 378 2466 exigit,
395 2380 448 2446 sed
462 2381 591 2446 resultat
610 2381 756 2467 privative
771 2405 807 2446 ex
821 2381 970 2466 positione
985 2390 1071 2446 actus
1086 2380 1215 2467 physici,
1236 2381 1315 2445 sicut
1329 2403 1375 2444 re-

274 2493 368 2558 sultat
383 2493 501 2558 caeeitas
522 2515 558 2556 ex
580 2514 643 2556 non
666 2492 862 2576 proportione
884 2491 1041 2557 cuiusdam
1062 2491 1143 2556 oculi
1160 2514 1232 2556 cum
1250 2490 1376 2556 lumine.

274 2603 337 2668 Res
355 2613 457 2668 autem
476 2602 603 2667 ulterius
624 2603 741 2687 patebit
763 2602 981 2667 considerando
996 2601 1079 2687 qnod
1093 2602 1184 2666 etiam
1198 2601 1232 2666 in
1246 2602 1314 2666 Deo
1329 2609 1377 2666 est

273 2715 397 2779 libertas
409 2715 459 2799 (de
470 2737 530 2800 qua
539 2736 605 2798 cap.
618 2715 694 2798 seq.)
708 2721 852 2778 ettamen
860 2713 947 2778 nulla
956 2714 1142 2799 possibilitas
1154 2714 1268 2799 culpae:
1292 2713 1375 2777 simi-

273 2823 343 2889 liter
353 2825 494 2889 voluntas
509 2832 617 2902 creata,
633 2822 756 2908 praecise
770 2822 804 2886 in
818 2832 970 2908 quantum
981 2823 1086 2902 libera,
1096 2845 1159 2887 nou
1171 2830 1217 2887 est
1232 2823 1292 2887 nisi
1306 2845 1376 2908 par-

272 2937 410 3022 ticipatio
425 2944 525 3000 creata
539 2935 648 3001 divinae
662 2935 821 3016 libertatis,
836 2957 892 3000 nec
907 2935 981 3000 dicit
996 2936 1134 3002 ordinem
1149 2934 1189 2998 ad
1203 2934 1326 3019 culpam
1340 2943 1376 2999 ut

274 3048 327 3128 sic,
343 3048 397 3112 scd
411 3056 448 3112 ut
463 3046 606 3113 deficiens
621 3055 653 3112 et
667 3047 844 3133 imperfecta
858 3048 891 3111 in
910 3069 965 3112 suo
982 3070 1047 3112 esse
1061 3055 1092 3111 et
1106 3046 1141 3110 in
1154 3069 1211 3110 sua
1224 3045 1376 3111 libertate.

273 3159 377 3245 Atque
391 3159 464 3223 hinc
479 3157 625 3243 sequitur,
641 3180 706 3222 esse
720 3159 753 3221 in
763 3157 832 3222 Deo
846 3158 998 3243 exemplar
1012 3157 1112 3223 omnis
1127 3166 1214 3222 actus
1229 3157 1377 3222 obiective

273 3279 305 3336 et
321 3270 484 3336 subiective
495 3270 617 3334 honesti
631 3278 699 3333 tum
711 3269 914 3350 materialiter,
926 3279 994 3334 tum
1005 3269 1181 3349 formaliter,
1191 3268 1245 3334 aed
1254 3269 1375 3334 nullum

273 3404 340 3447 esse
361 3382 393 3446 in
415 3382 484 3447 Deo
506 3381 658 3467 exemplar
675 3390 762 3446 actus
785 3382 931 3446 obiective
954 3390 1008 3446 aut
1031 3382 1196 3447 subiective
1221 3382 1376 3446 inhonesti

274 3493 336 3560 sive
357 3493 524 3558 formaliter
546 3493 608 3557 aive
623 3493 835 3558 materialiter:
858 3493 916 3558 hoc
931 3494 1012 3558 enim
1027 3493 1207 3578 importaret
1222 3493 1375 3558 defectum

273 3605 321 3670 vel
336 3605 368 3669 in
383 3605 540 3670 intellectu
551 3604 596 3668 vel
611 3604 645 3668 in
659 3604 816 3669 voluntate
831 3604 942 3685 diviua,
957 3604 1005 3670 vel
1018 3605 1052 3668 in
1066 3613 1208 3690 utroque.

318 3719 370 3780 53.
398 3715 563 3781 Obiectum
584 3714 751 3780 voluntatis
774 3715 929 3780 rationalis
951 3724 1059 3780 creatae
1080 3715 1204 3779 nullum-
1223 3715 1307 3780 aliud
1328 3724 1376 3782 est

274 3829 334 3893 nisi
348 3828 395 3894 vel
410 3827 477 3913 ipsa
491 3826 612 3892 bonitas
628 3826 731 3891 divina
754 3828 800 3910 (ut
820 3827 929 3892 accidit
946 3827 980 3891 in
998 3827 1095 3892 beatis
1109 3826 1213 3892 Deum
1233 3827 1375 3893 intuitive

273 3939 461 4026 videntibus)
481 3939 529 4004 vel
551 3938 652 4024 aliqua
673 3938 762 4003 finita
784 3938 918 4003 eiusdem
940 3939 1142 4025 participatio,
1172 3961 1241 4024 quae
1262 3961 1375 4024 cogno·

273 4061 375 4116 scatnr
395 4051 495 4116 inesse
516 4051 607 4116 rebus
629 4059 714 4115 extra
728 4050 830 4114 Deum
853 4050 1063 4129 existentibus,
1080 4057 1133 4114 aut
1148 4072 1217 4135 quae
1231 4072 1269 4114 ex
1283 4050 1375 4114 rebus

271 4164 473 4230 existentibus
502 4185 557 4248 per
584 4163 711 4228 rationis
741 4162 948 4248 operationem
977 4161 1234 4247 apprehendatur.
1292 4162 1375 4226 Hinc

272 4275 371 4340 solum
394 4275 511 4340 bonum
532 4284 581 4339 est.
600 4273 767 4341 voluntatis
789 4273 951 4354 obiectum,
975 4273 1066 4350 etiarn
1089 4274 1212 4360 quando
1235 4274 1375 4339 voluntas
