3212 4986
240 359 313 403 cnr.
326 341 365 424 1.]
693 363 736 406 nn
753 364 884 408 nunno.
1299 353 1337 418 71

237 529 391 607 stantiam,
410 551 501 612 quam
528 528 689 594 constituit
712 529 771 594 alio
793 529 884 594 modo
906 552 939 594 se
962 529 1125 594 habentem
1147 530 1181 594 in
1203 531 1337 612 mundo3

236 661 310 723 ergo
334 639 467 704 mundus
497 661 559 704 non
591 639 737 724 processit
766 663 820 725 per
854 641 1077 705 emanationem
1107 640 1338 706 substantialem

235 749 371 814 liberam.
433 750 516 814 Hinc
550 751 755 815 communiter
786 750 967 835 pantheistae
1001 752 1152 836 explicant
1187 752 1337 836 originem

234 861 345 924 mundi
373 883 428 946 per
452 863 676 927 emanationem
701 866 902 944 necessarium,
926 863 1012 949 quasi
1042 863 1213 928 substantia
1235 863 1337 929 divina

233 972 371 1056 indigeat
385 973 566 1037 naturaliter
580 973 618 1037 ad
633 981 719 1037 extra
733 975 873 1038 transire.
912 973 973 1038 Sed
987 974 1135 1058 perhanc
1152 974 1335 1038 sententiam

232 1084 314 1148 facta
329 1084 396 1168 ipsa
416 1084 585 1148 mundialia
609 1084 782 1149 redduntur
799 1084 1040 1170 inexplicabilia:
1064 1085 1148 1170 quod
1162 1085 1245 1149 enim
1265 1108 1335 1170 pro·

233 1195 314 1260 cedit
328 1218 365 1260 ex
379 1197 559 1261 necessitate
573 1206 691 1261 naturae
710 1205 841 1276 aeternae,
856 1197 934 1262 illud
952 1206 1053 1262 totum
1075 1207 1123 1262 cst
1137 1206 1285 1262 aeternum
1303 1198 1334 1261 in

232 1307 342 1391 rigore,
367 1315 397 1372 et
422 1307 540 1372 nullam
569 1307 707 1374 admittit
735 1308 970 1393 possibilitatem
996 1309 1195 1374 successionis
1206 1334 1216 1389 3
1246 1331 1334 1376 secus

232 1419 374 1484 existeret
395 1427 506 1484 natura
524 1419 578 1485 illa
598 1420 664 1484 sine
685 1419 788 1506 aliquo
809 1420 867 1484 sibi
889 1421 1058 1485 necessario
1077 1421 1194 1494 intuta
1215 1443 1333 1486 succes·

232 1531 316 1595 sione
331 1531 497 1616 temporis:
521 1531 547 1596 si
569 1540 672 1596 autern
694 1532 835 1597 existeret
856 1533 908 1611 sic,
924 1532 1003 1596 illud
1028 1555 1089 1617 quo
1108 1541 1211 1617 posset
1232 1556 1333 1598 carere

231 1665 287 1727 pro
306 1643 409 1728 aliquo
429 1651 566 1728 ternpore
585 1666 650 1708 non
672 1653 752 1708 esset
773 1643 905 1728 amplius
926 1643 955 1708 ei
976 1645 1190 1712 necessarium.
1235 1647 1332 1732 Atqui

230 1753 263 1818 in
287 1754 378 1819 rebus
400 1753 609 1819 mundialibus
636 1754 727 1832 datur
753 1755 913 1819 successio.
958 1756 1042 1840 Ergo
1063 1755 1260 1842 impossibilis
1285 1767 1332 1822 θεῖ

230 1866 382 1930 emanatio
396 1866 507 1930 mundi
521 1865 689 1932 neccssaria
703 1888 740 1930 ex
754 1866 925 1930 substantia
939 1867 1008 1932 Dei.

275 1974 416 2040 Secundo
430 1974 536 2039 eadem
556 1976 709 2040 emanatio
723 1984 876 2061 repugnat
890 1997 928 2039 ex
944 1985 1030 2061 parte
1052 1977 1172 2043 mundi.
1207 1978 1237 2042 N
1239 2002 1289 2042 am
1305 1979 1329 2042 si

229 2087 365 2151 mundus
386 2094 433 2150 est
457 2109 493 2150 ex
513 2084 684 2150 substantia
702 2086 773 2165 Dei,
788 2086 821 2150 in
844 2087 962 2152 mundo
983 2096 1029 2151 est
1051 2091 1137 2154 unica
1159 2089 1331 2154 substantia

227 2220 323 2282 eaque
349 2199 396 2284 (ut
419 2196 479 2260 alia
503 2197 696 2278 omittamus)
719 2198 908 2262 immutabilia
933 2206 964 2262 et
987 2198 1109 2284 infinite
1128 2201 1328 2285 perfectionis.

227 2309 325 2394 Atqui
347 2308 411 2374 haec
427 2309 485 2373 tria
505 2316 579 2372 sunt
601 2308 742 2373 absurda.
786 2308 879 2392 Ergo.
925 2309 1027 2373 Maior
1045 2317 1092 2373 est
1109 2310 1242 2390 evidens,
1258 2311 1330 2395 quia

228 2421 400 2487 substantia
413 2421 473 2484 Dei
495 2443 558 2484 non
572 2428 673 2505 potest
687 2421 753 2484 fieri
775 2420 942 2500 mutabilis,
958 2421 1129 2506 multiplex,
1145 2421 1240 2486 finitae
1260 2445 1329 2506 per-

226 2535 368 2600 fectionis
376 2558 386 2614 3
409 2555 496 2597 secus
511 2533 576 2617 ipse
587 2533 673 2596 Deus
687 2532 740 2596 fiet
754 2532 923 2612 mutabilis,
935 2533 1106 2618 multiplex,
1120 2533 1327 2617 imperfectus,

226 2655 257 2711 et
280 2644 411 2711 cessabit
432 2667 498 2710 csse
516 2645 613 2709 Deus.
658 2643 765 2721 Minor
781 2667 852 2710 vero
876 2667 930 2729 per
948 2653 1051 2730 partes
1073 2644 1204 2710 breviter
1226 2655 1327 2710 osten-

228 2760 319 2823 ditur.
364 2759 406 2824 ut
423 2761 456 2822 1⁰
470 2756 638 2822 absurdum
653 2765 700 2821 est
722 2779 835 2842 ponere
854 2757 888 2821 in
903 2765 969 2822 toto
991 2757 1108 2822 mundo
1122 2760 1237 2824 amcam
1255 2759 1328 2823 sub·

227 2871 372 2938 stantiam
383 2895 393 2949 3
420 2892 493 2934 nam
518 2869 609 2938 unica
632 2868 805 2934 substantia
833 2869 942 2954 nequit
970 2868 1082 2937 habere
1107 2878 1179 2937 actu
1207 2879 1327 2939 contra-

227 2981 363 3048 dictoria.
407 2981 505 3064 Atqui
520 2981 546 3044 si
557 2980 692 3044 mundus
707 2988 786 3044 esset
798 2979 889 3044 unica
903 2967 1084 3060 substantia,
1096 2990 1167 3046 actu
1182 2991 1284 3046 essent
1295 2983 1328 3047 in

226 3117 262 3160 eo
283 3092 526 3172 contradictoria,
542 3100 578 3156 ut
597 3091 770 3176 intelligere
784 3100 815 3157 et
832 3115 896 3157 non
917 3092 1097 3178 intelligere,
1113 3116 1179 3158 esse
1198 3094 1326 3161 inertem
1414 3103 1417 3108 ⁴

225 3216 256 3272 θῖ
275 3228 339 3271 non
359 3227 424 3270 εῖῖε
445 3205 586 3283 inertem,
601 3225 668 3268 esse
688 3202 793 3270 album
811 3211 843 3267 et
858 3199 922 3270 non
943 3226 1009 3270 θεεθ
1027 3203 1142 3284 album,
1157 3221 1223 3270 θεῖε
1238 3227 1328 3291 vega-

225 3319 356 3383 tativum
381 3325 412 3380 et
438 3338 500 3380 non
525 3337 592 3382 esse
608 3315 824 3398 vegetativum,
845 3337 911 3378 esse
935 3315 1090 3380 hominem
1116 3324 1147 3379 et
1172 3339 1236 3381 non
1262 3340 1328 3383 esse

224 3429 391 3508 hominem,
407 3435 486 3492 etc:
509 3449 577 3511 quae
599 3425 703 3490 omnia
723 3425 792 3490 ideo
814 3434 937 3490 tantum
961 3426 1098 3492 existunt
1113 3428 1183 3492 sine
1205 3438 1326 3494 contra·

225 3541 358 3606 dictione
372 3539 406 3602 in
428 3537 554 3616 mundo,
570 3537 642 3622 quia
665 3544 739 3601 sunt
761 3536 794 3600 in
815 3536 968 3602 distinctis
982 3558 1111 3607 numero
1134 3538 1324 3614 substantiis.

222 3655 259 3717 2⁰
273 3651 453 3716 Absurdum
475 3658 531 3727 cst,
547 3657 578 3713 et
593 3657 701 3717 contra
714 3649 868 3714 internam
884 3656 914 3712 et
937 3657 1091 3713 externam
1107 3651 1325 3734 experientiam

224 3786 337 3849 ponere
355 3761 509 3828 mundum
528 3761 744 3841 immutabilem,
766 3783 863 3845 quum
881 3761 1038 3826 videamus
1058 3761 1118 3825 alia
1136 3761 1244 3846 perire,
1267 3763 1326 3828 alia

225 3875 323 3960 gigni,
344 3874 405 3940 alia
427 3871 648 3951 transformari,
672 3871 732 3938 alia
755 3871 860 3953 dividi,
886 3871 945 3936 alia
966 3873 1164 3952 commisceri,
1187 3881 1245 3937 etc.
1290 3877 1326 3940 3⁰

224 3986 404 4051 Absurdum
418 3994 464 4049 est
481 4005 595 4068 ponere
608 3981 760 4046 mundum
782 3980 897 4066 inficite
905 3982 1079 4066 perfectum,
1095 4005 1192 4066 quum
1206 3983 1326 4050 infinite

224 4097 394 4183 perfectum
409 4094 487 4159 nihil
501 4094 599 4180 possit
618 4091 782 4178 acquirere,
797 4093 876 4158 nihil
891 4092 1037 4177 perdere3
1060 4094 1196 4158 mundus
1211 4104 1324 4175 autem,

224 4231 261 4273 ex
275 4205 467 4293 supradictis,
483 4213 515 4269 et
530 4205 665 4290 acquirat
680 4213 711 4269 et
724 4204 843 4289 perdat.
888 4204 1006 4289 Nequit
1021 4227 1094 4288 ergo
1110 4206 1245 4271 mundus
1260 4230 1325 4272 θεῖε

223 4343 278 4406 per
291 4320 516 4386 emanationem
529 4315 760 4383 substantialem
776 4314 944 4380 divinitatis
959 4314 998 4382 ad
1013 4323 1106 4382 extra.
