3212 4986
214 373 283 418 car.
301 353 340 436 1.]
703 371 746 414 nn
763 371 837 414 nro.
1279 356 1318 416 15

211 537 394 624 procedatur
415 537 449 602 in
472 535 639 616 infinitum,
661 558 830 620 numquam
860 533 1032 600 invenietur
1060 535 1138 602 ratio
1162 536 1314 602 sufficiens

213 671 324 714 renim.
371 647 600 733 consequenter
623 645 656 711 in
679 646 869 712 ascendendo
898 646 937 711 ab
963 646 1121 712 effectibus
1142 647 1182 713 ad
1211 668 1317 712 cauam

216 759 386 824 sistendum
412 759 471 824 erit
499 758 533 822 in
559 757 661 844 aliquo
690 766 761 823 onte
786 757 870 843 quod
893 779 957 822 non
981 757 1022 822 sit
1051 757 1243 842 contingens,
1265 758 1320 823 sed

215 870 429 936 necessarium.
476 869 544 935 Hoc
566 877 784 953 argumentum
806 891 869 934 non
891 868 1026 937 evolvam
1048 867 1151 948 latius,
1166 891 1263 953 quum
1284 870 1318 934 in
1360 939 1362 948 χ

215 983 357 1047 omnibus
368 980 568 1067 philosophiae
582 979 668 1046 libris
679 979 866 1065 amplissime
877 986 1042 1046 tractatum
1057 978 1220 1044 inveniam.
1239 979 1319 1045 Vide

216 1092 384 1178 Tongiorgi
406 1093 522 1176 (Theol.
538 1099 602 1157 nat.
618 1112 644 1155 e.
663 1092 729 1174 11).
774 1089 868 1167 Quod
890 1111 961 1156 vero
977 1113 1032 1155 ens
1055 1091 1258 1156 necessarium
1279 1092 1320 1157 sit

217 1206 337 1271 infinite
351 1205 519 1290 perfectum
541 1212 646 1289 patet3
668 1203 757 1266 limes
772 1201 855 1266 enim
876 1223 940 1266 non
954 1209 1001 1266 est
1015 1201 1054 1267 de
1068 1202 1186 1268 ratione
1205 1202 1319 1268 consti-

217 1318 315 1382 tutiva
333 1317 423 1395 entis,
439 1339 536 1401 quum
550 1316 639 1379 limes
659 1313 699 1379 sit
713 1337 772 1378 aaa
786 1337 837 1378 ena
844 1339 854 1393 3
878 1322 908 1378 et
923 1336 986 1380 non
1001 1336 1056 1378 ens
1076 1337 1140 1380 non
1158 1313 1198 1380 sit
1213 1315 1251 1381 de
1271 1339 1319 1381 ra-

216 1431 301 1495 tione
329 1427 527 1494 constitutiva
548 1426 637 1490 entis.
682 1425 765 1510 Ergo
793 1424 906 1490 habere
934 1424 1048 1490 limites
1072 1427 1216 1510 coatiapit
1243 1426 1321 1494 enti.

216 1542 300 1625 Ergo
329 1540 416 1605 limes
441 1538 588 1622 competit
617 1535 681 1602 enti
704 1536 928 1620 contingenter.
975 1535 1036 1600 Sed
1061 1536 1126 1601 enti
1151 1537 1320 1603 necessario

218 1653 296 1718 nihil
310 1652 457 1736 competit
472 1649 695 1733 contingenter.
740 1647 824 1732 Ergo
838 1647 903 1714 euti
917 1648 1085 1713 necessario
1099 1670 1163 1715 non
1178 1649 1319 1716 convenit

217 1764 327 1830 habere
347 1763 469 1829 limites.
514 1761 598 1845 Ergo
620 1782 676 1824 ens
691 1758 893 1824 necessarium
907 1767 954 1824 eat
976 1758 1114 1826 absolute
1128 1768 1161 1826 et
1181 1760 1319 1846 undique

219 1877 385 1941 infinitum.
428 1875 512 1958 Ergo
527 1871 630 1936 existit
644 1871 741 1938 Deus.

262 1991 312 2052 14.
337 1986 428 2066 Item,
455 1984 546 2049 datur
574 1991 696 2068 tempus
724 1979 804 2046 reale
814 2007 825 2060 3
847 2004 920 2066 ergo
949 1982 1052 2046 existit
1079 2005 1134 2048 ens
1157 1991 1318 2063 eternum,

218 2098 418 2177 immutabile,
447 2095 660 2174 necessarium,
690 2093 786 2160 Dens.
831 2093 1025 2160 Antecedens
1054 2102 1191 2160 constat:
1215 2117 1320 2160 conse·

217 2235 315 2298 quens
330 2208 486 2296 probatur.
531 2208 666 2291 Tempus
683 2205 762 2270 nihil
776 2204 859 2270 aliud
873 2214 920 2270 eat
933 2205 995 2270 nisi
1016 2205 1123 2270 relatio
1137 2206 1227 2270 realis
1241 2206 1321 2272 inter

211 2325 299 2408 prius
312 2330 343 2386 et
361 2329 451 2406 poen
475 2318 593 2384 sublata
607 2316 689 2383 enim
711 2315 878 2401 prioritatis
892 2324 924 2380 et
945 2316 1179 2400 posterioritatis
1201 2317 1320 2383 ratione

218 2435 304 2499 nulla
314 2433 445 2499 habetur
459 2424 618 2498 successio.
646 2430 756 2495 Omnis
770 2437 874 2494 autem
885 2427 992 2494 relatio
1006 2429 1095 2494 realis
1106 2428 1195 2494 debet
1210 2429 1321 2496 habere

218 2547 453 2612 fundamentum
469 2543 568 2623 reale3
592 2548 710 2626 ergoet
729 2550 860 2626 tempus.
906 2539 1004 2626 Atqui
1020 2539 1257 2608 fundamentum
1272 2565 1320 2607 re·

217 2657 341 2724 lationis
355 2657 435 2722 inter
443 2659 531 2742 par'oa
544 2663 575 2720 et
591 2663 663 2739 poet
678 2652 785 2739 nequit
800 2652 911 2718 habere
933 2652 1154 2718 successionem
1169 2675 1224 2738 per
1232 2655 1322 2737 priua

218 2779 340 2854 etpost.
383 2769 467 2852 Ergo
487 2766 564 2831 illud
583 2764 664 2830 reule
685 2762 768 2849 quod
789 2762 900 2828 fundat
920 2762 1069 2827 rationem
1091 2764 1237 2848 temporis
1256 2784 1320 2828 non

218 2881 311 2946 babet
326 2882 414 2965 padue
434 2888 465 2943 et
481 2886 562 2962 port,
578 2876 632 2942 aed
651 2883 698 2940 est
717 2874 751 2938 in
773 2873 905 2958 quodam
923 2896 999 2938 omre
1020 2874 1069 2938 sui
1089 2873 1218 2958 generis,
1234 2874 1324 2940 cuius

219 2995 316 3060 virtus
331 2991 485 3057 sufficiens
504 2997 551 3054 est
565 2985 724 3052 fundando
746 2985 929 3070 cuicumque
943 2985 1084 3070 tempori,
1099 2985 1132 3050 id
1151 2996 1198 3051 est
1219 2988 1322 3052 aairtit
1400 3034 1407 3049 .

219 3127 331 3187 semper
344 3103 379 3167 do
387 3103 528 3188 presenti
547 3099 613 3164 sine
626 3097 691 3164 ulla
712 3095 911 3162 successionis
925 3095 1154 3162 vicissitudine:
1177 3097 1261 3182 quod
1274 3106 1322 3163 est
1356 3124 1359 3130 ·

219 3239 284 3280 esse
309 3222 468 3280 aternum.
513 3211 620 3277 Minor
641 3218 744 3276 autem
765 3216 869 3294 patet3
892 3207 964 3294 quia
983 3207 1220 3272 fundamentum
1244 3208 1323 3274 rela-

219 3329 313 3394 tionis
338 3334 385 3392 est
409 3323 526 3411 aliquid
550 3311 586 3388 in¹
609 3344 642 3387 se
664 3320 850 3401 absolutum,
867 3342 964 3405 quum
990 3341 1081 3386 omne
1104 3319 1262 3386 relativum
1286 3342 1323 3384 er

221 3439 360 3506 absoluto
380 3438 526 3517 dimanet,
541 3435 567 3500 si
588 3444 692 3500 autem
706 3432 946 3499 fundamentum
968 3431 1123 3498 relationis
1138 3430 1219 3497 inter
1234 3434 1324 3516 price

220 3564 251 3618 et
271 3560 342 3637 port
359 3551 451 3615 etiam
471 3547 573 3633 ipsum
592 3553 672 3611 esset
692 3546 846 3629 perprius
866 3552 896 3608 et
914 3552 996 3628 post,
1011 3542 1104 3608 etiam
1123 3542 1226 3628 ipsum
1243 3553 1323 3608 esset

220 3664 392 3742 relativum,
406 3682 470 3724 non
492 3657 688 3723 ahsolutuma
711 3663 742 3720 et
756 3654 795 3719 de
807 3655 885 3739 'ipso
902 3653 1015 3720 iterum
1037 3654 1131 3740 quaeri
1146 3653 1268 3720 deberet
1290 3654 1323 3719 in

221 3797 282 3861 quo
306 3772 464 3851 fundetur,
478 3777 509 3834 et
530 3768 573 3834 sic
593 3767 722 3832 ulterius
748 3787 877 3850 semper,
893 3764 989 3830 donec
1011 3764 1058 3830 vel
1081 3787 1251 3849 numquam
1274 3765 1323 3832 in·

221 3887 360 3953 veniatur
373 3882 609 3950 fundamentum
630 3879 776 3964 primum,
791 3875 839 3941 vel
854 3875 1035 3942 admittatur
1048 3875 1126 3942 illud
1140 3899 1217 3942 acac
1235 3875 1323 3946 abac·

221 4001 333 4078 lutum,
348 3995 431 4083 quod
445 3993 524 4059 valet
539 4013 631 4056 omne
644 3999 768 4075 tempus
782 3987 921 4054 fundare.

228 4139 230 4144 ·
266 4109 358 4189 Quod
388 4115 491 4172 autem
519 4113 667 4170 aeternnm
692 4102 732 4166 sit
761 4098 961 4178 immutabile,
977 4106 1097 4164 constat
1120 4121 1157 4166 ex
1179 4121 1216 4166 eo
1241 4101 1326 4187 quod

223 4221 322 4287 onmis
340 4218 472 4283 mutatio
497 4212 698 4280 essentialiter
719 4219 765 4276 est
788 4233 842 4296 per
859 4212 947 4294 prius
968 4219 999 4274 et
1016 4219 1097 4298 poet,
1112 4233 1180 4297 quae
1202 4211 1264 4279 duo
1286 4212 1326 4280 ab

223 4332 390 4399 aeternitate
405 4329 472 4413 ipra
483 4325 697 4392 excluduntur.
743 4322 835 4399 Quod
850 4320 1041 4387 immutabile
1056 4323 1096 4387 sit
1110 4323 1325 4403 necessarium,
