3186 4982
264 349 329 414 298
639 367 745 412 runnu
761 368 997 413 ouronoorous.
1225 347 1313 432 [oar.
1330 368 1373 412 ιι.

263 532 358 588 relatio
374 532 601 588 transcnsdnstolis
618 531 666 586 dat
676 549 725 587 ens
736 533 808 588 reale
819 533 848 587 in
860 550 950 588 rerum
962 538 1075 588 natura:
1093 532 1162 588 ratio
1174 537 1217 588 est
1228 532 1292 604 qnia
1302 538 1373 588 tsrnc

263 637 318 675 non
334 618 450 674 habetur
466 635 513 674 ens
531 636 579 691 per
596 618 679 688 aliud,
691 619 738 674 sed
745 637 797 690 per
811 638 844 674 se.
882 619 955 673 Nam
966 619 1061 674 relatio
1073 618 1316 674 transcendentalis
1328 624 1372 674 est

264 724 296 762 ea
313 723 395 779 quam
412 705 496 761 habet
512 711 589 761 actus
607 706 642 761 ad
659 723 739 761 suum
756 707 902 761 terminum
925 707 955 762 in
972 706 1167 763 constitutione
1185 706 1255 761 entis
1272 707 1353 761 realis
1362 725 1371 776 ;

262 811 348 867 quum
359 798 451 848 autem
462 797 538 848 actus
550 798 579 848 et
590 792 722 848 terminus
740 794 894 865 conspirent
912 795 941 848 in
957 793 1093 848 unitatem
1111 792 1262 848 existentia
1277 793 1369 860 realis,

263 899 317 936 non
329 881 411 936 sliam
422 880 563 953 physicam
578 879 731 935 realitatem
747 879 831 935 habet
847 881 1026 950 actus,a1iam
1043 880 1183 950 terminus,
1196 879 1278 934 aliam
1292 897 1371 934 com-

262 967 438 1040 plementum,
450 967 498 1022 sed
516 967 655 1037 eamdem;
674 970 738 1020 sunt
754 965 829 1020 enim
846 983 932 1020 unum
949 983 996 1021 ens
1014 970 1043 1020 et
1060 983 1146 1020 unum
1163 966 1290 1020 existens
1328 965 1369 1020 Et

263 1059 463 1126 consequenter,
476 1054 541 1108 licet
552 1058 629 1109 actus
641 1059 668 1108 et
680 1053 811 1108 terminus
829 1052 947 1108 habeant
961 1053 1104 1108 rdativam
1115 1053 1322 1126 oppositionem,
1334 1059 1369 1108 ut

263 1140 317 1196 duo
336 1140 522 1212 metaphysica
545 1147 573 1195 et
591 1139 763 1212 incompleta,
787 1139 958 1196 constituunt
978 1145 1070 1194 tamen
1094 1157 1180 1194 unum
1203 1139 1366 1209 absolutum,

263 1227 327 1298 quia
345 1245 399 1282 una
415 1226 613 1300 conspiratione
632 1226 662 1280 in
679 1226 813 1281 unitatem
831 1225 984 1282 existentiae
1001 1227 1164 1298 conspirant,
1177 1230 1206 1280 et
1221 1243 1367 1298 perunum

262 1315 334 1368 reale
345 1313 495 1386 physicum,
508 1331 563 1368 non
574 1330 623 1385 per
633 1313 707 1367 aliud
720 1318 748 1366 et
759 1311 835 1368 alind
846 1312 983 1384 perficitur
994 1313 1089 1367 relatio
1102 1313 1183 1368 unius
1196 1312 1231 1367 ad
1243 1313 1365 1368 alterum

262 1401 300 1455 Et
312 1401 385 1456 idem
397 1401 496 1455 accidit
507 1401 536 1454 in
543 1399 591 1454 SS.
602 1399 742 1468 Trinitate,
756 1399 784 1452 in
797 1417 851 1470 qua
859 1401 947 1454 Actus
959 1405 987 1453 et
999 1399 1149 1469 Terminus,
1160 1400 1189 1453 id
1201 1405 1243 1455 cst
1251 1399 1368 1454 Genitor

262 1491 291 1540 et
303 1485 419 1540 Genitus
436 1484 590 1557 conspirant
609 1485 638 1538 in
651 1502 737 1538 unum
749 1483 889 1556 Spiritum,
902 1501 956 1555 quo
968 1484 1119 1556 completur
1131 1483 1250 1538 Trinitas
1261 1484 1292 1538 in
1302 1483 1366 1537 uni·

262 1577 320 1626 tate
332 1571 471 1626 absoluta:
491 1575 519 1624 ct
530 1570 596 1625 licet
607 1571 663 1626 sint
674 1571 728 1626 alia
740 1577 767 1626 et
779 1570 833 1625 alin
844 1577 873 1626 et
889 1571 942 1625 alia
953 1571 1080 1640 Persona,
1092 1589 1148 1625 non
1166 1577 1231 1626 sunt
1248 1571 1322 1626 aliud
1337 1577 1367 1626 et

262 1657 336 1713 aliud
348 1662 377 1710 et
388 1656 469 1725 aliud,
483 1657 530 1710 sed
543 1675 627 1712 unum
639 1657 793 1712 absolutum
804 1675 853 1730 per
864 1675 892 1712 se
905 1657 1070 1730 completum
1084 1657 1161 1729 (VH.
1175 1675 1201 1710 n.
1214 1659 1271 1728 36).

296 1745 339 1798 60.
358 1743 514 1797 Relationes
530 1742 657 1797 dicuntur
671 1744 817 1798 intrinsecae
828 1744 872 1799 vel
888 1744 1043 1814 extrinsecae,
1055 1750 1136 1817 prout
1154 1744 1254 1799 entitas
1266 1743 1365 1798 funda-

263 1829 349 1885 menti
361 1835 402 1883 est
413 1829 516 1901 aliquid
528 1830 645 1902 petitum
658 1849 693 1885 ex
704 1830 857 1886 intrinsecis
869 1830 983 1886 subiecti
996 1837 1024 1886 et
1035 1831 1153 1902 termini,
1165 1832 1211 1887 vel
1222 1850 1257 1886 ex
1274 1832 1366 1904 aliquo

262 1917 419 1972 extrinseco.

297 2003 454 2059 Relationes
471 2002 625 2058 intrinseca
644 2003 812 2076 accipiuntur
829 2006 858 2064 1ο
870 2005 1018 2060 secundum
1029 2023 1111 2059 nnmn
1123 2011 1147 2058 et
1164 2006 1263 2059 matta:
1283 2005 1312 2058 2⁰
1323 2021 1368 2058 se·

262 2090 382 2148 cundum
399 2091 524 2146 actionem
542 2097 566 2146 ct
577 2092 743 2162 manen:
762 2093 791 2145 3⁰
802 2091 950 2147 secundum
967 2111 1116 2146 mensurum
1133 2099 1158 2146 et
1169 2099 1367 2146 mensuratum:

261 2180 291 2234 4⁰
302 2178 451 2234 secundum
462 2179 663 2234 convenientiam
675 2185 721 2232 ant
733 2179 973 2234 disconvenientiam
986 2179 1050 2250 (VI.
1062 2197 1088 2233 n.
1102 2179 1146 2249 50,
1158 2179 1215 2250 51).

297 2266 456 2320 Relationes
476 2265 633 2319 extrinsecae
654 2265 823 2338 accipiuntur
842 2266 870 2318 1⁰
882 2267 1028 2321 secundum
1043 2285 1204 2320 communem
1222 2266 1366 2336 ericinam:

263 2353 292 2406 2⁰
304 2352 452 2406 secundum
465 2369 625 2405 communem
637 2352 766 2421 ropionem
777 2358 878 2406 motae:
903 2353 933 2404 3⁰
944 2351 1092 2406 secundum
1103 2369 1274 2406 communem
1286 2353 1370 2405 dara-

263 2439 358 2494 tioncm
368 2456 373 2490 :
392 2439 421 2492 4⁰
433 2438 581 2492 secundum
593 2456 754 2492 commanens
763 2438 906 2492 terminum
913 2438 1083 2492 extrinsecam
1093 2438 1294 2509 comparationis
1304 2437 1369 2509 (VI.

264 2543 291 2580 n.
305 2525 348 2592 50,
361 2524 418 2594 52).

298 2611 340 2664 61.
359 2610 467 2664 Relatio
488 2609 637 2664 secundum
656 2629 737 2664 mecm
754 2616 778 2664 et
793 2610 876 2664 malta
895 2609 1046 2682 specialiter
1061 2610 1149 2664 notari
1166 2615 1291 2679 meretru,
1305 2609 1372 2681 quia

264 2717 350 2754 unum
364 2705 392 2752 et
408 2699 496 2752 multa
511 2697 611 2753 dicitur
629 2699 663 2752 de
679 2698 754 2752 omni
765 2699 850 2770 gradu
863 2697 941 2752 entis.
978 2697 1088 2751 Relatio
1099 2697 1212 2752 fundata
1223 2697 1253 2751 in
1265 2696 1371 2752 unitata

264 2786 364 2841 dicitur
375 2786 509 2840 identitas:
527 2785 623 2839 relatio
634 2785 749 2840 fundata
763 2785 792 2839 in
804 2784 924 2838 carentia
935 2783 1058 2852 unitatis,
1070 2785 1178 2855 quando
1196 2784 1299 2839 scilicet
1315 2801 1372 2837 non

264 2872 380 2926 habetur
392 2889 478 2924 unum
489 2870 538 2926 sed
550 2872 645 2939 multa,
659 2871 759 2926 dicitur
771 2871 907 2926 dictinctio.

300 2960 428 3012 Idcntitcs
439 2959 493 3012 alia
510 2964 552 3012 est
570 2959 646 3013 rectia
659 2959 777 3030 physica,
790 2958 844 3012 alia
860 2956 940 3012 realis
958 2956 1140 3027 metaphysica,
1156 2955 1211 3010 alia
1223 2957 1305 3026 byrca
1322 2973 1372 3010 seu

265 3046 384 3114 rationis,
402 3050 481 3117 prout
498 3044 627 3100 insudatur
643 3045 673 3100 in
690 3045 795 3099 unitate
812 3043 933 3116 physica,
948 3044 993 3097 vel
1010 3042 1196 3114 metaphysica
1213 3042 1258 3097 vel
1274 3041 1371 3115 logica

266 3131 399 3188 Similiter
410 3131 540 3184 distinctio
552 3137 593 3185 est
604 3130 704 3202 triplex
717 3132 788 3186 sicut
799 3130 937 3199 identitas,
949 3135 1030 3202 prout
1041 3129 1170 3186 fundatur
1181 3129 1211 3182 in
1227 3129 1372 3200 negatione

265 3217 379 3273 unitatis
398 3217 527 3288 physicae,
545 3217 737 3288 metaphysicis
758 3223 806 3271 aut
826 3217 930 3288 logicae.
967 3215 1035 3270 Tam
1055 3215 1193 3284 identitas,
1210 3233 1293 3286 quam
1313 3216 1371 3270 dis-

266 3303 363 3359 tinctio
374 3303 515 3375 patiuntur
526 3302 593 3357 alias
605 3302 811 3374 subdivisiones,
824 3305 896 3359 inter
908 3321 974 3374 quas
990 3307 1108 3357 meretur
1125 3302 1215 3356 notari
1231 3303 1372 3358 distinctio
1445 3303 1451 3312 ’

265 3390 386 3448 formalis
401 3407 449 3445 seu
464 3389 586 3458 modalis,
600 3394 628 3443 et
642 3389 763 3445 formalis
776 3395 808 3444 nt
819 3389 931 3446 virtuali
943 3389 1089 3462 opponitur
1101 3388 1163 3459 (W.
1177 3407 1204 3442 n.
1218 3389 1253 3442 43
1265 3388 1295 3442 in
1306 3393 1373 3444 nota

267 3477 383 3547 addita).

301 3566 344 3620 62.
369 3563 421 3620 Uli
431 3563 605 3632 accidentale,
618 3563 766 3617 secundum
777 3579 855 3617 suam
866 3562 999 3617 rationem
1011 3559 1192 3629 accidentalis,
1206 3564 1247 3614 est
1259 3577 1306 3614 ens
1323 3577 1374 3632 per

268 3652 358 3721 aliud3
378 3656 419 3704 est
436 3649 509 3704 enim
523 3648 620 3703 modus
632 3649 752 3704 relcticna
764 3649 929 3703 terminandi
939 3647 1065 3720 spatium.
1102 3646 1174 3700 Item
1186 3647 1289 3716 mando
1300 3647 1372 3702 acci-

268 3738 386 3806 dentale,
398 3742 429 3790 ut
441 3735 614 3805 accidentale,
625 3739 666 3790 est
677 3753 725 3808 per
734 3734 823 3803 aliud3
842 3739 886 3788 est
894 3735 967 3788 enim
973 3733 1070 3788 modus
1078 3733 1184 3788 essendi
1192 3732 1373 3788 induratione

264 3824 385 3889 ,habente
396 3821 470 3894 prius
482 3827 584 3895 etpost
597 3821 662 3891 (ΠΙ.
675 3840 701 3874 n.
716 3821 751 3874 12
764 3826 790 3874 et
802 3821 844 3888 37,
858 3820 907 3874 VI.
920 3813 947 3873 'n.
961 3819 1071 3888 40-44).

305 3911 415 3979 lipara,
429 3926 489 3979 quse
507 3908 617 3981 ponitur
634 3907 683 3962 sub
702 3907 841 3978 qualitate,
853 3907 921 3961 item
939 3907 1002 3960 citas
1012 3911 1039 3959 et
1051 3905 1155 3960 habitan
1166 3909 1325 3960 revocantur
1337 3906 1372 3960 ad

262 3997 344 4052 entia
354 3994 469 4048 relativa
486 4012 549 4048 cum
566 3994 742 4048 fundamento
760 3992 918 4046 extrinseco.
955 3992 1049 4045 Motus
1061 4008 1125 4045 vcro
1142 3990 1235 4045 localis
1253 3995 1296 4045 est
1313 3991 1371 4045 fieri

270 4100 401 4138 novarum
418 4080 580 4136 relationum
597 4081 669 4134 inter
684 4080 730 4133 nbi
746 4085 774 4133 et
791 4079 843 4132 nbi.
880 4079 974 4133 Etiam
987 4078 1054 4132 actio
1066 4083 1094 4132 et
1100 4078 1190 4148 parab
1201 4077 1303 4132 habent
1314 4096 1373 4132 esse

270 4170 424 4236 relativum,
436 4167 502 4222 licet
513 4169 602 4240 passio
619 4167 738 4222 habeant
755 4165 838 4221 etiam
856 4184 935 4220 sunna
953 4183 1010 4222 esse
1022 4164 1177 4221 absolutum
1195 4165 1224 4220 in
1241 4183 1327 4238 passo,
1341 4171 1373 4220 nt

271 4276 351 4329 snpra
363 4256 468 4311 dictum
480 4263 527 4310 est.
