3240 4986
254 365 322 409 oar.
340 344 411 430 ut]
699 365 742 406 nn
759 364 888 409 murno.
1296 347 1356 418 125

252 527 429 606 creandum,
442 525 548 590 debuit
559 543 627 592 esse
641 525 800 604 eiusmodi,
814 534 849 590 ut
863 525 968 590 eodem
985 525 1134 610 potuisset
1149 527 1240 590 etiam
1257 527 1356 592 deter-

254 637 364 702 minari
376 638 415 702 ad
426 658 489 702 non
504 637 681 706 creandum.
703 637 801 724 Atqui
815 637 886 702 talis
900 638 972 702 linis
987 637 1063 702 alius
1079 660 1144 703 esre
1158 659 1222 703 non
1238 648 1356 723 poterat

254 771 345 835 quam
362 749 463 835 ipsum
485 749 661 813 exercitium
684 749 793 814 divinae
815 748 966 814 libertatis
988 758 1024 813 ut
1046 750 1204 835 complens
1226 750 1355 835 gloriam

253 861 314 925 Dei
336 861 553 940 intrinsecam
584 883 657 946 ergo
679 860 776 946 gloria
797 860 962 926 intrinseca
983 870 1029 925 est
1051 861 1122 926 finis
1136 861 1197 927 Dei
1215 861 1355 926 creantis.

255 972 304 1036 Ita
319 973 505 1038 Rotheutlue
520 973 574 1036 loc.
591 975 641 1037 cit.

297 1083 479 1169 Respondeo
494 1107 523 1147 aa.
538 1085 587 1147 M.
633 1082 722 1148 Circa
743 1083 822 1148 hanc
842 1085 1139 1168 argumentationem
1153 1083 1242 1168 plura
1255 1084 1356 1148 notari

253 1206 392 1280 possunt.
437 1195 541 1259 Primo
559 1215 622 1258 non
639 1203 720 1259 recte
739 1195 850 1260 dicitur
864 1195 967 1260 Deum
987 1219 1019 1260 ac
1038 1197 1229 1260 determinare
1243 1197 1284 1261 cd
1295 1219 1356 1261 cre·

254 1307 369 1385 uadum,
385 1306 458 1392 quia
472 1305 560 1370 Deus
574 1327 743 1391 numquam
763 1314 809 1370 eat
827 1314 881 1370 aut
903 1307 962 1370 fuit
984 1315 1037 1370 aut
1059 1307 1178 1391 concipi
1200 1308 1301 1392 potuit
1323 1307 1356 1370 in

252 1417 560 1495 indeterminatione3
583 1417 636 1482 sed
652 1417 712 1482 dici
727 1417 827 1496 debet,
839 1418 941 1482 Deum
958 1421 1115 1483 terminare
1129 1428 1226 1483 actum
1243 1421 1355 1484 cetrin-

253 1553 315 1595 acce
337 1531 377 1594 od
397 1539 571 1594 creaturam.
618 1529 759 1594 Secundo
783 1529 857 1594 dum
880 1531 992 1594 dicitur
1014 1530 1097 1616 quod
1118 1530 1267 1615 deficiente
1281 1531 1355 1614 fiae,

253 1644 337 1706 Deae
350 1665 409 1706 oon
422 1650 497 1707 esset
512 1643 584 1706 liber
598 1644 629 1706 in
644 1643 766 1706 creando
783 1641 845 1706 duo
865 1642 941 1706 falsa
962 1650 1198 1728 supponuntur:
1222 1642 1355 1727 primum

253 1754 400 1840 estquod
422 1755 455 1818 in
473 1754 531 1819 hoe
551 1753 698 1819 habeatur
716 1755 951 1820 inconvenieus:
975 1753 1060 1820 aliud
1078 1754 1222 1840 estquod
1237 1755 1356 1841 concipi

254 1867 351 1950 possit
365 1866 490 1930 libertas
501 1864 562 1930 Dei
577 1865 643 1929 sine
654 1875 794 1950 respectu
806 1866 844 1930 ad
856 1875 1018 1931 creaturas.
1065 1866 1132 1930 Iam
1144 1889 1214 1930 vero
1229 1867 1355 1930 omnino

253 1976 364 2041 falsum
380 1985 426 2041 est
441 1976 525 2061 quod
540 1976 698 2041 deficiente
713 1978 775 2040 dne
785 1978 872 2041 Deus
888 1979 927 2041 sit
938 1977 1015 2041 liber
1026 1977 1064 2041 ad
1075 1977 1260 2056 creandum
1283 1979 1355 2062 quia

253 2110 354 2153 creare
376 2096 423 2152 est
444 2088 580 2152 medium
602 2089 641 2152 ad
660 2088 772 2154 finem:
795 2111 868 2173 ergo
885 2089 1042 2154 deficiente
1057 2089 1119 2152 fine
1134 2088 1219 2153 nulla
1233 2089 1356 2152 admitti

253 2206 355 2284 potest
370 2197 494 2262 libertas
509 2199 640 2262 creandi.
685 2199 766 2264 Item
783 2199 870 2264 nulla
888 2200 1058 2285 concipitur
1077 2200 1201 2266 libertas
1216 2201 1276 2265 Dei
1295 2201 1355 2265 uisi

253 2317 393 2395 respectu
415 2309 454 2374 ad
477 2318 639 2390 creaturas,
654 2311 726 2395 quia
749 2319 834 2375 actus
849 2311 909 2376 Dei
931 2310 1130 2376 constituitur
1151 2311 1183 2375 in
1206 2335 1272 2376 esse
1293 2313 1354 2377 for·

253 2421 373 2486 maliter
394 2421 482 2486 liberi
504 2421 543 2486 ad
565 2431 649 2486 extra
671 2445 725 2506 per
748 2445 835 2487 suam
857 2423 1103 2488 terminationem
1126 2423 1165 2488 ad
1179 2433 1273 2504 extra
1289 2425 1354 2488 sine

254 2555 314 2618 qua
333 2531 420 2598 nulla
438 2532 574 2598 formalis
591 2533 726 2612 libertae,
743 2532 796 2598 sed
814 2542 935 2608 tantum
956 2534 1096 2598 absoluta
1118 2534 1355 2619 independentia

252 2645 371 2731 concipi
396 2652 560 2730 potestat
583 2645 616 2708 iu
642 2653 774 2710 tractatu
800 2645 838 2710 de
853 2646 920 2710 Deo
945 2648 988 2729 (u.
1010 2648 1064 2731 58)
1088 2646 1273 2713 declaratum
1296 2657 1353 2712 est.

254 2755 355 2833 Quare
379 2756 536 2847 deficiente
555 2757 639 2821 omni
659 2757 883 2822 terminationis
898 2759 1073 2823 extrinsecae
1087 2767 1237 2844 conceptu
1253 2759 1353 2824 deficit

252 2889 288 2932 eo
298 2867 369 2953 ipso
391 2877 556 2952 conceptus
571 2868 706 2934 formalis
727 2868 877 2934 libertatis
894 2869 1097 2954 divinaeque
1116 2879 1163 2934 est
1177 2879 1299 2935 tantum
1315 2871 1353 2937 ad

252 2987 346 3044 extra.
391 2980 503 3059 Tertio,
524 2980 600 3045 falso
627 2980 811 3066 supponitur
833 2979 916 3065 quod
941 2981 1186 3046 concremarit
1210 2982 1299 3063 actio,
1322 2991 1356 3047 et
1393 3061 1395 3065 Ι

251 3091 327 3156 falso
341 3091 473 3156 infertur
495 3091 579 3178 quod
592 3092 678 3156 Deus
698 3091 804 3158 debuit
818 3092 930 3157 hebere
943 3095 1104 3178 positivum
1117 3093 1210 3158 finem
1230 3092 1269 3158 ad
1290 3117 1353 3158 non

251 3205 435 3270 creandum:
458 3205 546 3290 quasi
560 3211 623 3291 non
634 3228 723 3291 agere
738 3219 817 3271 esset
826 3206 943 3291 aliquid
956 3207 1084 3292 positive
1098 3205 1238 3271 liberum.
1270 3206 1352 3272 Nam

251 3316 287 3380 ad
307 3316 400 3383 libere
422 3339 485 3381 non
507 3316 662 3401 agendum
685 3319 796 3382 sufficit
816 3319 938 3402 negatio
953 3319 1106 3384 volitionis
1124 3328 1263 3404 respectu
1282 3319 1354 3384 finis

250 3427 305 3512 qui
321 3428 440 3492 intendi
460 3428 554 3494 libere
575 3437 684 3514 potest.
732 3428 859 3508 Quarto,
875 3452 971 3515 quum
994 3429 1105 3494 dicitur
1125 3431 1207 3515 quod
1229 3434 1354 3496 siDeae

249 3539 352 3604 tatuit
367 3539 461 3625 finem
476 3548 590 3604 tuntum
609 3542 650 3604 od
669 3542 824 3605 meandum
844 3550 873 3606 et
890 3563 949 3606 nou
963 3543 1004 3606 od
1020 3565 1079 3606 oon
1093 3543 1255 3624 menradum,
1270 3545 1354 3607 Deua

249 3652 409 3715 necessario
425 3653 543 3730 meavit,
560 3650 767 3717 contunditur
779 3653 943 3740 necessitas
957 3675 1145 3740 consequeus
1164 3676 1234 3720 cum
1249 3676 1352 3719 neces·

249 3759 338 3824 sitate
361 3759 557 3826 antecedente
568 3785 578 3840 3
600 3784 672 3826 nam
688 3769 768 3827 certe
790 3763 993 3828 necessarium
1012 3772 1059 3828 est
1081 3765 1261 3830 necessitate
1280 3785 1352 3830 con-

249 3880 405 3956 sequente,
427 3879 457 3935 et
482 3871 516 3935 in
542 3894 634 3936 sensu
658 3874 827 3958 composito
853 3897 922 3939 cum
947 3875 1090 3940 volitione
1111 3876 1191 3954 finis,
1207 3885 1243 3940 ut
1266 3877 1352 3941 Deus

248 3989 338 4060 creet,
355 3981 381 4045 si
395 3981 461 4045 vult
483 3981 612 4066 gloriam
635 4005 653 4046 a
673 3984 836 4049 creaturis:
859 3985 990 4050 sednon
1005 3995 1052 4050 est
1070 4001 1193 4052 necesse
1214 3996 1250 4052 ut
1265 3988 1351 4053 Deus

247 4092 327 4156 hano
341 4091 469 4176 gloriam
489 4091 650 4173 intendat3
673 4103 703 4158 et
718 4094 786 4160 ideo
800 4096 912 4162 creatio
930 4098 1142 4163 antecedenter
1160 4107 1194 4163 et
1206 4099 1240 4163 in
1260 4123 1351 4165 sensu

249 4201 346 4268 diviso
372 4211 420 4267 est
443 4204 569 4270 omuino
593 4205 696 4271 libera.
743 4206 861 4284 Quinto
887 4230 951 4273 non
976 4209 1106 4274 advertit
1131 4219 1237 4276 auctor
1259 4233 1351 4296 quem

246 4315 427 4395 refutamus,
443 4316 525 4426 quod
541 4319 645 4382 tabere
652 4319 745 4405 finem
759 4327 807 4382 est
821 4317 902 4386 idem
917 4341 952 4385 ae
967 4323 1071 4387 tabere
1085 4323 1249 4387 vetitionem
1256 4323 1332 4409 fiais
1339 4349 1350 4403 ς
