3240 4986
229 402 302 448 car.
319 381 358 466 1.]
688 403 731 446 un
747 399 876 448 nonno.
1286 381 1326 443 81

270 565 410 629 lactabis.
434 563 485 629 Ad
493 573 635 629 naturam
648 565 826 630 substantiae
836 565 1121 650 pertinetexistere3
1144 561 1329 648 ergoomnis

228 674 400 741 substantia
414 685 460 741 est
474 677 644 742 necessario
658 679 809 757 existens3
832 700 906 762 ergo
920 685 951 742 ct
965 676 1167 762 improducta.

270 789 455 873 Respondes
477 789 545 855 dist.
569 797 631 854 cat.
647 789 826 854 substantia
841 789 950 854 divinae
964 812 991 853 c.
1007 789 1068 868 M„
1083 787 1216 852 cuiusvis
1230 809 1262 852 a.
1275 787 1326 850 M.

227 911 257 966 et
272 925 302 966 ιι.
318 925 396 966 cona.
441 904 545 988 Atque
558 903 609 967 hic
623 903 716 968 finem
731 903 823 967 habet
843 911 908 967 tota
923 901 1064 987 Spinoaae
1082 899 1327 986 argumentatio:

227 1035 295 1097 quae
308 1015 430 1098 indigna
436 1014 530 1098 soret,
545 1022 581 1079 ut
595 1023 676 1079 recte
690 1015 733 1079 ait
748 1015 784 1079 P.
796 1014 962 1098 'l'ongiorgi
976 1012 1095 1098 (Theol.
1110 1021 1174 1077 nat.
1189 1033 1223 1076 n.
1239 1011 1338 1094 121),-

226 1147 290 1207 quc
302 1125 378 1188 aerio
392 1125 583 1209 reficeretur,
598 1127 657 1190 aiei
670 1125 746 1189 illud
760 1126 882 1209 afferret
904 1124 1054 1203 comrwdi,
1069 1122 1149 1208 qrccd
1160 1122 1329 1206 paullulum

226 1257 353 1320 capram
374 1237 457 1300 docet
479 1245 508 1301 ct
529 1259 617 1320 quum
638 1259 739 1302 erasm
754 1236 852 1321 fircrit
867 1237 991 1301 lmuiaic
1005 1235 1182 1320 iquorcmic,
1197 1241 1227 1297 ct
1240 1254 1329 1316 quom

224 1347 348 1430 ignobili
369 1346 496 1429 artificio
517 1355 641 1412 utantur
661 1350 834 1412 recentiores
853 1349 1040 1432 pcntlcistcc,
1062 1347 1114 1430 qai
1142 1367 1207 1408 eam
1234 1345 1330 1408 acta

225 1457 358 1522 madibus
372 1458 511 1523 catollcrc
525 1481 584 1523 noa
598 1468 743 1524 camur.

271 1570 322 1632 12.
350 1569 478 1634 Oliicicc
499 1571 543 1634 3⁰.
568 1570 762 1655 Impossibile
787 1578 834 1635 est
859 1593 925 1636 esse
947 1570 1079 1654 figuram
1100 1568 1219 1634 finitam
1243 1577 1328 1632 extra

225 1679 358 1762 spatium
377 1680 553 1745 absolutum
571 1681 739 1746 infinitum.
784 1681 867 1766 Ergo
885 1704 903 1745 a
919 1682 986 1766 pari
1000 1678 1187 1765 impossibile
1201 1687 1248 1743 est
1263 1701 1328 1743 esse

225 1811 281 1854 ens
299 1791 422 1855 finitum
443 1788 644 1856 extra'Deurn
664 1793 825 1857 entitatem
844 1791 1016 1858 absolutam
1035 1791 1199 1856 infinitam.
1243 1785 1347 1875 Ergo

226 1923 332 1966 omnes
346 1925 395 1966 res
410 1903 580 1968 mundiales
596 1913 668 1968 sunt
684 1903 793 1968 dirinae
807 1903 986 1968 substantiae
999 1903 1212 1968 immanentes.
1235 1903 1327 1967 Prob.

226 2034 309 2077 cons.
353 2013 470 2079 Eodem
485 2015 577 2079 modo
592 2015 777 2100 possibilitas
794 2014 874 2080 entis
893 2016 974 2079 finiti
993 2023 1040 2079 est
1059 2014 1092 2080 in
1107 2014 1175 2078 Deo
1195 2014 1326 2092 infinito,

226 2125 304 2188 sicut
330 2125 516 2210 possibilitas
538 2128 646 2212 figurae
668 2127 764 2192 finita
789 2127 892 2192 estin
916 2127 1014 2212 spatio
1039 2126 1181 2192 infinito:
1207 2135 1238 2191 et
1262 2149 1327 2191 esse

225 2236 343 2300 actuale
358 2237 439 2301 entis
454 2237 535 2302 finiti
550 2247 743 2324 comparatur
757 2239 797 2302 ad
810 2238 912 2303 Deum
925 2261 979 2302 ens
994 2237 1150 2301 infinitum
1165 2237 1244 2302 sicut
1262 2259 1327 2301 esse

224 2347 341 2412 actuale
363 2348 469 2432 figurae
484 2349 523 2414 ad
538 2349 671 2434 spatium
685 2349 851 2414 infinitum.
896 2349 992 2434 Atqui
1014 2348 1198 2434 possibilitas
1220 2349 1327 2432 figurae

224 2459 399 2524 continetur
420 2461 453 2525 in
477 2462 575 2546 spatio
590 2461 720 2541 infinito,
736 2470 767 2526 et
781 2463 882 2546 figura
896 2460 1024 2526 actualis
1038 2468 1142 2525 manet
1157 2460 1326 2524 secundum

222 2581 323 2637 totum
340 2595 429 2637 suum
445 2596 510 2638 esse
525 2573 690 2638 limitatum
706 2575 739 2637 in
757 2574 865 2659 spatio.
910 2573 994 2658 Ergo
1012 2573 1104 2637 etiam
1126 2593 1182 2636 ens
1202 2572 1325 2637 finitum

222 2684 397 2748 continetur
418 2684 586 2749 secundum
608 2685 770 2749 essentiam
794 2685 826 2748 in
841 2685 919 2764 Deo,
935 2693 966 2748 ct
987 2685 1020 2748 in
1040 2684 1107 2768 ipso
1121 2684 1190 2748 Deo
1210 2691 1324 2762 manet,

222 2815 317 2879 quum
332 2795 534 2880 producitur:
556 2803 587 2860 ct
602 2795 670 2860 ideo
685 2794 763 2859 nihil
772 2804 818 2860 est
829 2795 914 2860 aliud
921 2795 982 2859 nisi
991 2794 1129 2880 quaedam
1140 2794 1327 2859 modificatio

223 2906 332 2972 divinae
347 2908 536 2974 substantiae.
974 2983 975 2986 Ἴ

265 3017 447 3104 Respondeo
473 3020 540 3084 dist.
560 3028 622 3084 cat.
643 3027 727 3084 extra
749 3020 893 3105 spatium,
915 3020 1012 3084 idest
1035 3019 1100 3084 sine
1122 3018 1324 3084 fundamento

221 3131 387 3196 extrinseco
409 3131 442 3194 in
465 3132 563 3217 spatio
585 3155 610 3196 c.
627 3140 700 3210 aaa,
716 3139 801 3196 extra
824 3132 967 3215 spatium,
983 3130 1070 3215 quasi
1093 3129 1226 3215 spatium
1245 3139 1324 3194 esset
1430 3157 1436 3168 ·

223 3242 393 3307 subiectum
408 3243 594 3328 receptivum
609 3244 716 3327 figurae
731 3266 760 3307 a.
777 3252 839 3307 aar.
854 3252 885 3307 et
900 3266 929 3308 ιι.
946 3265 1024 3307 coac.
1047 3241 1098 3306 Ad
1113 3241 1323 3331 probationem

222 3377 247 3418 c.
264 3355 313 3418 M.
329 3356 398 3418 dat.
413 3357 482 3420 mia.
498 3355 685 3440 possibilitas
699 3355 806 3440 figurae
825 3354 1000 3419 continetur
1017 3353 1050 3417 in
1067 3353 1166 3438 spatio
1184 3353 1323 3424 absoluto

222 3475 258 3530 ut
272 3467 305 3530 in
320 3468 422 3552 aliquo
435 3468 599 3552 figurabili,
615 3478 646 3532 et
660 3468 786 3532 actualis
801 3468 900 3552 figura
914 3467 1087 3531 continetur
1102 3466 1135 3530 in
1153 3466 1252 3550 spatio
1268 3467 1322 3531 ab·

223 3578 323 3643 soluto
348 3588 384 3642 ut
409 3579 443 3642 in
467 3578 603 3644 subiecto
625 3581 757 3664 figurato
774 3603 804 3644 ιι.
821 3581 902 3658 mia,
917 3578 1103 3664 possibilitas
1122 3579 1230 3662 figurae
1249 3583 1321 3642 con·

222 3689 338 3754 tinetur
352 3689 385 3753 in
402 3690 501 3774 spatio
515 3689 655 3756 absoluto
668 3699 706 3755 ut
720 3691 753 3754 in
773 3690 876 3775 aliquo
896 3689 1061 3754 extrinsece
1081 3688 1276 3768 terminabili,
1292 3699 1323 3753 et

224 3800 323 3883 figura
345 3800 473 3866 actualis
498 3801 674 3866 continetur
699 3801 732 3865 in
756 3800 855 3886 spatio
879 3799 1018 3864 absoluto
1042 3809 1077 3866 ut
1097 3800 1130 3863 in
1151 3799 1253 3884 aliquo
1271 3823 1322 3864 ex-

222 3910 354 3978 trinseco
369 3914 532 3978 terminato
547 3937 627 3979 coac.
641 3915 712 3976 mia.
727 3921 759 3978 et
772 3934 845 3996 acco
860 3934 937 3976 coac.
982 3910 1097 3995 Figura
1111 3910 1199 3974 realis
1219 3931 1324 3974 exsur-

224 4024 270 4107 git
289 4046 326 4088 cx
343 4023 539 4090 collocatione
559 4025 777 4089 elementorum
798 4022 1001 4088 materialium
1016 4022 1050 4086 in
1065 4022 1174 4106 spatio,
1190 4021 1243 4086 sed
1259 4044 1323 4086 non

224 4136 318 4201 estin
334 4136 436 4221 aliquo
449 4145 606 4223 tamquam
624 4135 769 4214 subiecto,
781 4134 853 4220 quia
867 4142 987 4198 nonest
999 4131 1138 4198 accidens
1147 4133 1324 4218 productum

224 4256 255 4311 et
270 4249 420 4328 tollereris,
438 4248 490 4313 sed
505 4257 627 4312 tantum
642 4247 781 4312 accidens
795 4247 940 4310 reerdtcos
954 4269 1008 4330 per
1022 4244 1149 4309 modum
1169 4245 1324 4310 relationis

103 4446 106 4453 Ι
224 4359 418 4424 extrinseca:
440 4359 601 4426 relationes
627 4368 730 4423 autem
756 4357 871 4422 habent
894 4380 955 4421 cccc
980 4358 1027 4435 cd,
1049 4357 1184 4446 sednon
1205 4359 1324 4427 esseio.

268 4490 342 4534 VOL.
358 4491 412 4536 111.
1130 4488 1151 4529 G
