3212 4986
555 1163 647 1275 un
704 1161 997 1314 noane.

618 1511 933 1525 ——-—

229 1763 259 1824 l.
285 1734 451 1826 MUNDI
474 1761 563 1827 realis
585 1761 776 1827 existentiam
797 1770 987 1847 negavenmt
1008 1761 1174 1828 idealirtae:
1204 1759 1327 1845 sceptici

227 1895 298 1938 vero
326 1873 444 1937 nnllam
474 1873 512 1938 de
541 1896 576 1938 ea
604 1874 669 1939 fieri
696 1896 786 1958 posse
817 1871 1107 1938 demonstrationem
1136 1872 1327 1937 docuerunt:

227 1984 339 2068 quibus
352 1985 531 2064 refutandis,
547 2008 643 2071 quum
658 1993 768 2070 agatur
788 1984 825 2049 de
839 1984 966 2049 veritate
987 1983 1161 2048 immediate
1176 1992 1328 2068 percepta,

228 2096 254 2159 si
269 2117 332 2160 uon
355 2097 467 2160 sufficit
481 2097 548 2181 ipsa
567 2096 718 2162 evidentia
731 2096 785 2176 rei,
800 2118 909 2181 parum
925 2105 1005 2160 eerte
1026 2094 1170 2181 prodesse
1183 2101 1328 2178 poterunt

227 2215 335 2270 caetera
357 2207 515 2272 ratiocinia
537 2231 556 2272 a
580 2207 672 2292 longe
697 2208 811 2292 petita;
838 2207 892 2292 qui
920 2207 1003 2270 enim
1030 2204 1238 2270 immediatam
1267 2205 1329 2286 evi·

228 2317 362 2383 dentiam
386 2327 599 2398 contemnunt,
621 2318 786 2384 mediatam
812 2341 831 2382 a
851 2317 969 2382 fortiori
992 2339 1062 2382 eum
1082 2317 1146 2380 risu
1168 2316 1328 2401 excipient.

229 2428 433 2516 Quamquam,
460 2430 535 2515 quid
564 2452 641 2515 opus
671 2438 717 2494 est
747 2429 946 2494 somniatores
975 2428 1124 2495 eiusmodi
1152 2425 1328 2492 revincere?

227 2542 278 2604 An
289 2541 434 2605 timemus
448 2563 487 2605 ue
498 2542 577 2606 forte
590 2541 763 2605 humanum
777 2563 875 2625 genus
889 2540 999 2605 realem
1015 2539 1123 2604 mundi
1137 2538 1328 2603 existentiam

227 2663 411 2739 negaturum
433 2653 482 2733 sit,
498 2661 552 2718 aut
572 2654 610 2719 de
630 2653 735 2718 eadem
759 2652 995 2718 dubitaturum?
1039 2650 1212 2716 Praesertim
1232 2671 1329 2735 quum

228 2764 430 2850 seeptioorum
444 2763 506 2829 vita
525 2763 670 2828 doetrinae
684 2762 891 2829 contradicat:
913 2763 956 2828 ita
970 2769 1006 2826 ut
1021 2783 1085 2826 non
1106 2761 1205 2825 solum
1221 2760 1328 2824 domos

229 2875 379 2955 habitent,
395 2897 484 2960 agros
503 2873 691 2960 possideant,
705 2874 841 2939 vestibus
861 2897 896 2939 ac
919 2874 994 2966 cibis
1017 2881 1153 2952 utantur,
1169 2872 1328 2937 sedetiam

228 2989 333 3072 magni
357 2987 471 3051 faciant
496 3007 565 3071 quae
587 2985 756 3070 possident,
782 2994 813 3050 et
838 2985 885 3065 iis,
908 2984 1020 3070 quibua
1043 2984 1193 3068 indigent,
1215 3005 1328 3066 magno

227 3101 407 3186 intentoque
421 3098 523 3164 studio
537 3098 675 3164 inhient:
699 3120 766 3183 quoe
780 3097 884 3162 omnia
898 3098 924 3162 si
938 3118 1001 3166 nou
1016 3096 1156 3186 existant,
1169 3095 1330 3160 manifeste

227 3219 293 3275 toto
313 3210 384 3275 vitae
403 3217 539 3294 tempore
562 3207 690 3272 delirare
710 3207 941 3276 convineuntur.
987 3206 1084 3292 Atqui
1103 3227 1174 3271 eum
1198 3204 1328 3270 deliran-

226 3319 411 3396 tibusnibil
432 3341 509 3404 opus
532 3326 580 3382 est
602 3317 765 3401 disputare.
793 3317 979 3388 ¹Possumus
1002 3339 1075 3400 ergo
1097 3315 1226 3402 impune
1248 3315 1328 3380 hane

228 3431 434 3496 idealistarum
448 3409 598 3523 insaniam
614 3429 776 3516 praeterire,
792 3437 823 3493 et
842 3427 951 3493 mundi
966 3428 1156 3492 existentiam
1170 3436 1328 3512 tamquam

227 3543 344 3608 factum
366 3540 541 3606 immediate
567 3539 690 3604 evidens
713 3539 778 3603 sine
803 3539 866 3604 ulla
890 3537 1069 3624 probatione
1090 3537 1213 3624 lougius
1232 3539 1330 3624 petite

225 3675 297 3723 eum
312 3662 379 3718 toto
393 3653 530 3729 humano
544 3673 654 3736 genere
668 3649 839 3715 admittere.

272 3763 333 3828 Sed
343 3763 419 3849 qnid
433 3771 479 3827 est
488 3761 647 3826 mundus?
680 3761 732 3826 An
747 3760 918 3827 substantia
932 3759 1071 3847 quaedam
1086 3759 1197 3826 divinae
1210 3768 1328 3825 naturas

226 3873 400 3961 particeps?
444 3875 495 3937 An
516 3873 584 3957 ipsa
603 3871 704 3937 divina
725 3879 836 3936 natura
857 3895 889 3936 re
911 3872 1050 3937 evolvens
1068 3871 1107 3937 ad
1124 3872 1231 3938 extra?
1275 3872 1329 3937 An

227 3987 343 4074 aliquid
356 3987 481 4072 pr’orsus
498 3984 818 4060 aDeodistinetumi
854 3984 906 4050 An
921 3983 1070 4070 originem
1083 3982 1201 4048 habet?
1235 3984 1328 4049 Unde

228 4106 313 4163 ortus
324 4107 371 4162 est
385 4105 416 4162 et
431 4119 523 4182 quem
538 4096 681 4161 adfinem
695 4096 836 4171 existiti,
867 4096 942 4160 Hac
957 4105 987 4161 et
999 4095 1109 4161 similia
1123 4096 1218 4181 quaeri
1229 4097 1328 4163 solent

225 4211 266 4275 de
279 4208 429 4288 mundos
447 4207 645 4296 philosophis.
663 4282 664 4285 Ἴ
692 4207 858 4293 Agendum
877 4187 980 4293 itaque
997 4206 1086 4272 nobis
1105 4209 1163 4272 erit
1178 4208 1235 4273 hoo
1249 4209 1326 4288 loeo,

227 4321 330 4408 primo
341 4320 379 4385 de
393 4318 669 4398 entitatemundi:
694 4317 828 4384 seeundo
843 4318 882 4400 ds
895 4319 1013 4404 origine
1032 4318 1162 4386 mundis
1184 4305 1328 4389 tertiode
1439 4378 1440 4382 ,
