3240 4986
285 361 348 424 114
740 379 782 426 nn
800 378 928 425 nunno.
1245 357 1329 442 [cnr.
1347 376 1386 420 11.

284 554 336 612 tur
358 546 440 631 quod
459 546 584 614 effectus
606 545 773 629 productus
796 570 922 614 accusa
944 554 1043 614 ‘creata
1062 568 1125 614 non
1146 546 1247 612 solum
1270 547 1387 616 nullam

284 657 408 722 habebit
431 659 579 724 rationem
602 659 723 724 essendi
743 683 761 724 a
782 682 823 743 se,
839 659 893 724 aed
915 682 955 724 ne
976 659 1070 726 ullam
1093 659 1218 744 quidem
1237 660 1386 726 rationem

283 769 404 835 essendi
425 772 457 836 in
470 793 501 836 ae
511 797 520 850 3
545 792 630 837 secus
646 793 708 836 non
730 779 810 836 esset
828 771 861 836 in
883 771 964 838 linea
982 770 1061 838 entis
1080 771 1200 837 infinite
1220 770 1387 837 deficientis

284 881 323 946 ab
338 881 466 947 entitate
489 905 551 968 suae
570 905 687 962 causae5
710 882 838 967 ideoque
859 883 985 948 effectus
1006 883 1156 948 eiusmodi
1171 883 1209 948 ad
1232 865 1387 948 summum

284 995 342 1059 erit
356 994 497 1060 accidens
510 994 543 1062 in
558 995 617 1060 alio
632 994 784 1060 existens:
806 994 865 1060 hoc
880 1001 983 1060 autem
1005 994 1145 1062 accidens
1159 994 1271 1079 poterit
1286 994 1386 1058 adhuc

283 1107 394 1173 habere
417 1130 483 1172 esse
505 1107 730 1193 quodammodo
745 1131 803 1192 per
821 1129 862 1186 se,
877 1130 974 1193 quum
992 1109 1089 1192 possit
1110 1108 1220 1173 ultimo
1243 1108 1387 1192 compleri

283 1243 338 1304 per
362 1243 452 1284 suum
476 1242 542 1286 esse
568 1221 634 1284 sine
659 1219 722 1284 ulla
747 1218 903 1283 additione
928 1219 972 1284 rei
996 1221 1179 1286 extrinsecae.
1227 1220 1277 1284 Sic
1300 1229 1387 1284 aetus

284 1331 487 1397 intellectivus
501 1330 711 1411 accidentalia·
720 1331 791 1397 licet
806 1331 894 1396 sitin
910 1331 1082 1397 substantia
1097 1332 1257 1416 spirituali,
1272 1341 1302 1396 et
1317 1333 1387 1400 idco

284 1466 347 1509 non
362 1444 402 1509 sit
417 1447 449 1507 in
462 1467 502 1524 se,
518 1452 683 1508 esttamen
705 1441 931 1528 quodammodo
938 1468 997 1528 per
1011 1467 1051 1524 se,
1067 1445 1139 1531 quia
1155 1444 1248 1510 habet
1263 1444 1387 1530 aliquod

285 1579 350 1621 esse
365 1555 540 1621 absolutum
554 1555 588 1634 in
610 1555 668 1620 alio
683 1555 808 1640 quidem
823 1557 940 1636 nixum,
956 1557 1011 1621 sed
1027 1557 1059 1620 in
1075 1557 1174 1642 seipso
1189 1557 1386 1642 completum,

288 1675 319 1730 et
338 1666 468 1731 ulterius
488 1691 550 1732 non
570 1667 704 1732 tendens.
721 1669 861 1734 adalind
879 1691 940 1754 quo
958 1669 1147 1754 compleatur
1163 1670 1197 1732 in
1214 1691 1279 1733 esse
1296 1668 1386 1733 intel-

283 1778 393 1843 leetivi.

327 1889 462 1954 Tandem
475 1877 501 1954 si
512 1889 653 1954 accidens
667 1891 816 1980 eiusmodi
823 1911 877 1956 'suo
886 1893 969 1957 modo
981 1901 1079 1956 conset
1090 1891 1222 1976 aliquem
1234 1891 1385 1970 effectum,

283 2002 375 2066 etiam
390 2003 439 2078 hic
449 2001 709 2067 effectushabebit
719 2003 878 2067 entitatem
888 2004 1004 2088 infinite
1018 2003 1196 2094 deficientem
1210 2003 1249 2067 ab
1258 2003 1387 2066 entitate

282 2113 446 2179 accidentis
461 2136 479 2178 a
494 2136 555 2199 quo
569 2112 682 2178 dicitur
697 2113 823 2197 causari.
868 2114 915 2178 le
926 2135 988 2199 quo
1004 2113 1150 2199 sequitur,
1163 2112 1246 2199 quod
1260 2114 1386 2178 effectus

281 2227 333 2290 hic
348 2225 462 2291 carebit
477 2226 569 2290 etiam
584 2227 651 2310 ipsa
665 2226 783 2291 ratione
804 2226 924 2290 essendi
932 2249 991 2310 per
1006 2248 1046 2304 se,
1063 2234 1093 2289 et
1107 2246 1171 2289 non
1186 2225 1243 2289 erit
1258 2248 1313 2289 ens
1327 2222 1388 2290 nisi

276 2362 333 2424 per
348 2340 438 2403 alind.
484 2339 534 2404 Sic
556 2361 592 2402 ex
609 2341 670 2404 altu
686 2339 822 2403 duarum
845 2338 997 2402 linearum
1016 2345 1158 2402 causatur
1169 2339 1353 2422 parallelism

282 2451 469 2530 earumdem,
491 2473 527 2514 ex
553 2451 684 2514 altadas
710 2450 841 2514 duorum
867 2471 1029 2534 corporum
1053 2457 1195 2514 cernatur
1216 2451 1386 2514 sinnlitndo.

282 2561 352 2626 Hoc
375 2569 478 2625 autem
503 2561 588 2644 quod
612 2569 662 2625 est
681 2583 746 2624 esse
767 2559 958 2644 parallelum,
974 2560 1021 2625 vel
1043 2583 1109 2625 esse
1131 2561 1238 2638 simile,
1255 2582 1316 2625 non
1340 2571 1387 2626 est

281 2695 346 2737 esse
355 2695 413 2757 per
426 2694 457 2736 se
465 2695 475 2750 3
499 2671 650 2756 siquidem
665 2693 730 2736 esse
745 2670 923 2755 parallelum
939 2680 984 2736 est
999 2693 1064 2736 esse
1078 2671 1248 2751 relativum,
1261 2680 1291 2736 et
1305 2672 1387 2737 linea

281 2785 395 2868 quaevis
416 2805 480 2847 non
502 2791 548 2847 est
570 2804 625 2867 per
646 2805 678 2846 se
700 2782 833 2862 relativa,
850 2783 904 2847 sed
926 2806 980 2868 per
1003 2783 1087 2847 aliud
1108 2784 1241 2850 trahitur
1259 2784 1299 2850 ad
1320 2807 1389 2850 esse

280 2895 452 2974 relativum,
467 2902 499 2958 et
518 2895 626 2960 codem
641 2893 732 2959 modo
750 2893 854 2960 album
875 2917 938 2960 non
953 2904 999 2961 est
1014 2918 1068 2980 per
1083 2917 1115 2960 se
1136 2895 1243 2976 simile,
1260 2897 1314 2962 sed
1331 2920 1385 2982 per

281 3007 382 3072 aliud:
405 3006 489 3072 unde
503 3028 567 3070 non
582 3004 694 3070 dicitur
710 3005 847 3072 absolute
861 3006 926 3071 haec
941 3005 1023 3072 linea
1037 3016 1083 3070 est
1092 3008 1249 3091 parallelo,
1266 3008 1313 3073 vel
1328 3011 1388 3074 hoc

281 3119 386 3183 album
408 3127 455 3182 est
469 3119 573 3196 simile,
590 3117 644 3182 sed
660 3118 808 3200 parallelo
823 3119 900 3197 duic,
916 3119 1010 3183 simila
1028 3119 1083 3183 illi.
1130 3119 1191 3184 Sed
1210 3119 1261 3184 hic
1281 3121 1385 3184 adver-

280 3230 409 3294 tendum
425 3239 481 3307 est,
497 3229 580 3313 quod
598 3228 676 3293 illud
690 3229 775 3312 quod
795 3251 852 3293 nec
867 3238 913 3294 est
928 3252 946 3292 a
961 3253 1003 3307 se,
1018 3231 1122 3295 necin
1143 3253 1185 3309 se,
1200 3253 1257 3296 nec
1272 3254 1326 3316 per
1342 3254 1384 3310 se,

279 3364 342 3407 non
365 3350 410 3406 est
433 3340 548 3426 aliquid
568 3340 721 3419 effectum,
739 3363 836 3424 quum
858 3363 922 3406 non
941 3341 1051 3408 habeat
1072 3363 1159 3406 suam
1181 3343 1335 3426 propriam
1354 3352 1386 3408 et

280 3453 456 3518 distinctam
479 3452 657 3516 entitatem:
681 3461 712 3516 et
732 3452 800 3517 ideo
823 3452 974 3518 eiusmodi
995 3453 1079 3520 entia
1100 3453 1225 3518 relativa
1249 3475 1313 3518 non
1337 3453 1384 3520 di-

280 3573 393 3630 cuntur
407 3565 542 3642 effectus,
559 3563 613 3628 sed
634 3563 839 3628 resultationes
856 3563 1043 3648 simpliciter,
1059 3563 1107 3628 vel
1129 3567 1333 3648 consequentia
1348 3588 1385 3632 ex

280 3677 409 3742 aliorum
424 3676 584 3762 positione.
631 3675 714 3741 Hinc
729 3675 821 3742 etiam
836 3696 899 3740 non
915 3674 1061 3742 dicuntur
1075 3697 1141 3740 esse
1155 3677 1192 3742 ob
1207 3676 1267 3740 alio
1283 3677 1336 3742 sed
1347 3699 1384 3742 en

280 3792 357 3869 otiis,
367 3788 581 3874 propositione
593 3789 630 3852 ob
640 3786 795 3852 indicante
811 3809 933 3852 causam
948 3787 1138 3866 efficientem,
1151 3809 1219 3872 quae
1233 3787 1284 3854 hic
1299 3789 1384 3856 nulla

279 3911 336 3964 est.
360 3899 511 3966 Accidens
521 3920 594 3982 argo
609 3920 672 3964 non
688 3907 734 3962 est
744 3920 834 3963 causa
850 3898 993 3976 efficiens,
1004 3907 1035 3961 et
1050 3898 1167 3964 nullam
1178 3899 1239 3964 vim
1254 3900 1383 3966 activam

278 4013 389 4077 habet:
412 4011 495 4095 quod
510 4011 653 4093 congruit
667 4031 737 4072 cum
761 4010 856 4074 dictis.
866 4009 948 4089 alibi,
963 4010 1038 4076 dum
1059 4031 1218 4094 ageremus
1240 4011 1278 4075 de
1292 4011 1384 4076 intel·

278 4123 361 4186 lectu
375 4130 406 4185 et
420 4120 577 4185 voluntate
592 4121 711 4186 creatis.
758 4121 840 4186 Item
854 4143 909 4184 ens
927 4119 1088 4186 relativum
1104 4143 1160 4186 nec
1175 4143 1193 4186 a
1208 4143 1241 4186 se
1255 4130 1312 4201 ast,
1327 4144 1383 4186 neo

277 4235 312 4298 in
328 4256 369 4312 se,
385 4255 441 4298 nec
460 4254 515 4316 per
530 4253 573 4308 sc,
589 4230 642 4294 ssd
665 4238 711 4296 est
725 4253 779 4316 per
800 4231 858 4297 alia
873 4240 904 4296 et
924 4231 1151 4316 quodammodo
1165 4233 1246 4300 inter
1263 4233 1331 4312 alia,
1347 4243 1384 4302 ut

279 4345 409 4409 diximus
424 4341 543 4427 agendo
559 4340 596 4406 de
611 4341 820 4410 relationibus.
