3222 4984
284 369 350 432 238
726 385 769 428 aa
786 384 950 430 mammo.
1236 365 1322 448 [car.
1338 385 1393 429 111.

283 561 319 617 ut
344 551 519 630 minimum,
542 558 634 615 erunt
659 548 693 614 in
719 550 837 635 sphera
865 549 1012 615 oontinua
1040 558 1156 634 puncta
1186 549 1320 616 materiae
1345 549 1391 616 ita

281 663 380 728 vicina
394 670 510 740 centro,
525 669 562 726 ut
581 683 687 726 eorum
703 660 850 726 distantia
863 684 881 726 a
901 669 1007 726 oentm
1021 682 1084 726 non
1104 659 1202 745 possit
1221 661 1323 745 aliquo
1337 669 1390 725 nt-

280 783 317 838 ut
340 774 469 838 minimo
495 772 655 838 intervallo
680 772 770 837 finito
800 772 1014 838 determinari:
1044 771 1093 838 vel
1118 794 1193 858 ergo
1217 772 1314 852 nullo,
1339 771 1389 837 vel

281 885 491 951 infinitesimo.
537 885 571 950 si
596 884 692 965 nullo,
715 884 776 949 iam
798 883 852 948 illa
872 891 989 968 punota
1010 892 1102 949 erunt
1126 884 1159 948 in
1182 883 1249 969 ipso
1273 891 1390 964 centro,

282 1006 314 1063 et
328 1020 499 1083 numquam
513 997 695 1083 incipiemus
710 996 872 1082 proaedere
886 995 926 1060 ad
941 996 1107 1082 sphaeram:
1131 997 1158 1061 si
1171 995 1389 1077 induitesim03

282 1132 356 1194 ergo
381 1109 433 1174 illa
460 1117 574 1194 puncta
599 1107 758 1173 habebunt
784 1108 818 1172 in
842 1130 898 1173 suo
924 1116 1011 1173 motu
1036 1107 1227 1173 velocitatem
1253 1109 1389 1173 infinite-

283 1220 402 1299 simam,
424 1228 461 1285 ut
484 1218 613 1305 probare
632 1218 819 1284 volebamus.
865 1219 971 1295 Quum
998 1227 1101 1284 autem
1127 1220 1167 1284 sit
1190 1218 1390 1305 impossibilis

284 1337 433 1400 transitus
455 1337 621 1401 continuus
640 1335 831 1400 avelocitate
852 1335 1048 1400 infinitesima
1071 1335 1110 1400 ad
1124 1335 1254 1414 finitam,
1270 1337 1348 1401 siout
1370 1360 1391 1400 a

282 1446 371 1511 finita
386 1446 425 1511 ad
446 1446 608 1526 infinitam,
624 1446 764 1532 sequitur
783 1454 848 1511 tam
870 1445 1089 1530 impossibilem
1108 1467 1174 1510 esse
1195 1454 1314 1510 motum
1329 1447 1389 1512 oir-

189 1621 195 1634 ,
283 1557 414 1622 arderem
441 1558 474 1620 in
497 1557 615 1642 sphaera
639 1557 785 1622 continua
806 1557 904 1637 finita,
920 1579 1012 1643 quam
1038 1556 1072 1621 in
1097 1579 1222 1642 corpore
1241 1559 1389 1624 coufinuo

282 1666 413 1732 infinito.
459 1667 694 1752 Impossibilitas
716 1676 820 1731 autem
835 1666 917 1731 illius
934 1665 1083 1731 transitus
1105 1666 1230 1732 evidens
1245 1675 1301 1748 est,
1317 1669 1391 1754 quia

283 1799 370 1841 secus
390 1777 614 1864 designandum
636 1786 716 1844 esset
731 1787 883 1864 punctum
904 1779 938 1842 in
952 1800 1014 1863 quo
1028 1777 1171 1842 velocitas
1192 1779 1389 1844 infinitesima

282 1889 398 1976 transit
407 1889 441 1952 in
454 1890 584 1970 finitam,
599 1890 647 1955 vel
666 1891 755 1955 finita
773 1891 807 1954 in
822 1889 985 1956 infinitam.
1031 1889 1106 1954 Haee
1120 1889 1260 1974 probatio
1281 1900 1389 1956 contra

283 2001 491 2066 extensionem
513 2002 650 2068 materias
672 2002 863 2081 continuam,
877 2023 940 2066 una
960 2023 1030 2066 eum
1054 2001 1114 2066 alia
1134 2024 1227 2086 quam
1245 2003 1334 2069 innui
1353 2004 1387 2068 in

282 2120 416 2178 tractatu
430 2112 469 2177 de
486 2113 696 2178 accidentibus
714 2115 757 2198 (n.
773 2115 842 2199 68),
854 2112 925 2177 addi
939 2120 1041 2197 potest
1056 2113 1095 2178 ad
1110 2114 1332 2179 corroboranda
1352 2138 1389 2180 ea

281 2247 350 2310 quae
370 2225 451 2290 dieta
472 2235 545 2291 sunt
563 2227 596 2291 in
612 2235 746 2292 tractatu
765 2226 804 2291 de
823 2225 996 2290 substantia
1015 2246 1158 2310 corporea
1176 2225 1219 2310 (n.
1237 2228 1289 2312 14)
1307 2228 1387 2292 cirea

280 2336 418 2402 eamdem
434 2337 644 2422 quaestionem.

323 2451 378 2512 45.
406 2449 532 2513 Obiieies
553 2452 598 2527 la,
616 2469 689 2512 eum
712 2446 867 2512 Goudinio
890 2454 921 2512 et
943 2446 1011 2511 aliis
1032 2445 1195 2532 plerisque.
1241 2448 1384 2534 Implioat

280 2557 346 2622 dari
361 2557 495 2643 spatium
510 2559 665 2623 infinitum
676 2557 815 2622 terminis
829 2557 978 2622 clausum.
1024 2558 1095 2638 Sed,
1108 2559 1135 2622 si
1149 2559 1273 2624 daretur
1288 2560 1385 2625 moles

281 2670 410 2749 infinita,
426 2669 549 2735 daretur
563 2671 720 2734 infinitum
735 2671 869 2755 spatium
884 2669 1023 2734 terminis
1037 2671 1187 2735 clausum.
1218 2673 1312 2756 Ilrgo.
1344 2674 1386 2738 Et

282 2782 378 2846 maior
392 2790 486 2866 patet.
532 2782 638 2846 Minor
657 2781 805 2866 probatur
815 2807 826 2860 ;
848 2789 974 2866 possent
989 2781 1072 2845 enim
1094 2782 1250 2868 abaliquo
1270 2793 1386 2870 puncto

282 2893 364 2958 illius
378 2895 512 2978 eorporis
527 2893 715 2978 angulariter
729 2893 866 2978 protrahi
880 2893 950 2958 d'uae
963 2893 1051 2958 lineae
1065 2894 1099 2958 in
1113 2894 1281 2960 infinitum.
1324 2897 1386 2961 Sed

283 3005 417 3091 spatium
440 3005 521 3069 inter
544 3005 611 3069 illas
634 3005 731 3069 lineas
757 3012 938 3070 contentum
960 3014 1040 3070 esset
1060 3006 1218 3071 infinitum
1240 3017 1271 3071 et
1294 3009 1385 3074 simul

281 3116 421 3181 terminis
447 3116 594 3181 clausum.
640 3116 721 3181 Nam
748 3116 987 3202 quantomagis
1011 3117 1183 3202 procedunt
1208 3118 1296 3184 lineae
1324 3120 1385 3185 illae

285 3229 456 3312 angulares,
470 3236 558 3293 tanto
580 3228 678 3312 magis
694 3229 775 3293 inter
790 3251 822 3294 se
837 3229 972 3294 distant:
993 3237 1026 3294 et
1042 3230 1114 3315 quia
1127 3231 1297 3315 procedunt
1318 3232 1388 3297 infi-

283 3341 357 3419 nite,
373 3340 534 3405 distabunt
553 3339 676 3406 tandem
698 3340 837 3420 infinite;
860 3363 896 3404 ae
915 3339 1044 3425 proinde
1064 3326 1198 3426 spatium
1220 3342 1301 3407 inter
1320 3343 1387 3408 illas

284 3452 419 3517 medium
434 3452 513 3516 esset
528 3451 694 3516 infinitum.
739 3451 836 3536 Atqui
851 3461 955 3516 tamen
969 3452 1107 3538 undique
1122 3452 1315 3522 clauderetur
1325 3463 1387 3520 tar-

284 3563 375 3629 minis
384 3589 393 3643 3
416 3587 488 3628 nam
506 3563 598 3628 etiam
618 3562 672 3626 illa
692 3562 838 3628 distantia
857 3563 1066 3628 transversalis
1086 3563 1278 3630 clauderetur
1297 3565 1387 3630 lineis

282 3675 343 3740 illis
358 3675 565 3759 angularibus.
610 3674 704 3760 Ergo.
875 3743 880 3751 ,

327 3787 509 3873 Respondeo
531 3811 556 3853 e.
578 3788 628 3852 M.
643 3810 674 3850 a.
694 3788 776 3864 mia,
796 3786 836 3850 ad
859 3786 1071 3871 probationem
1086 3811 1110 3852 e.
1132 3788 1182 3852 M.
1203 3812 1234 3852 a.
1251 3791 1333 3870 mia,
1349 3791 1388 3854 ad
1486 3773 1488 3778 ⁵

283 3899 372 3965 aliam
396 3900 605 3984 probationem
622 3922 647 3964 e.
664 3899 713 3962 M.
729 3921 759 3962 o.
775 3900 846 3962 mia.
861 3908 892 3963 et
907 3898 946 3963 ad
960 3899 1110 3964 rationem
1130 3900 1267 3965 additam
1282 3925 1312 3966 a.
1324 3911 1386 3966 unt.

283 4022 312 4077 et
323 4035 401 4077 ears.
433 4011 524 4077 Ratio
539 4019 585 4076 est
600 4011 671 4096 quia
684 4009 765 4074 linea
779 4008 926 4094 quaelibet
935 4018 1106 4075 transversa
1119 4013 1260 4096 opposita
1275 4014 1389 4098 angulo

284 4124 322 4188 ab
338 4124 405 4189 aliis
423 4122 542 4188 duabus
563 4129 708 4186 contento
722 4141 787 4184 non
801 4120 955 4185 clauditur
976 4121 1076 4202 lineis,
1093 4122 1147 4187 sed
1168 4123 1311 4207 punctis:
1336 4123 1389 4188 aed

285 4234 406 4299 nullum
421 4242 468 4299 est
482 4241 633 4319 punctum
653 4231 836 4317 assignabile
850 4233 883 4296 in
898 4232 959 4296 illis
973 4232 1062 4298 lineis
1081 4233 1291 4318 angularibus,
1306 4235 1389 4320 quod

282 4347 403 4412 infinite
418 4347 510 4412 distet
525 4346 662 4413 avertice
677 4345 802 4430 anguli3
826 4368 904 4430 ergo.
914 4345 1020 4410 nullus
1035 4355 1081 4410 est
1096 4345 1182 4410 loeus
1197 4347 1389 4431 assignabilis
