3222 4984
245 377 321 420 oar.
338 356 392 442 11.]
547 378 749 423 1111111111
774 379 831 423 nm
855 381 894 424 ru
917 380 1048 425 nonno.
1289 362 1349 426 171

249 539 287 604 de
302 563 334 632 11
350 541 390 604 sit
415 541 591 606 indifferens
606 543 645 607 ad
667 544 859 625 haecomnia,
875 545 947 631 quia
968 545 1036 610 haee
1058 545 1162 608 omnia
1184 544 1353 609 eminenter

248 653 395 718 continet.
439 653 481 717 Et
504 653 586 719 idem
607 654 771 720 dicendum
795 657 833 720 de
853 657 967 721 virtute
990 656 1087 721 activa
1116 656 1178 720 sive
1192 655 1262 734 Dei,
1289 655 1351 719 sive

248 774 409 831 creaturae:
433 767 531 830 virtus
546 767 628 831 enim
642 769 812 832 eminenter
827 769 964 834 continet
978 791 1085 832 omnes
1099 777 1185 832 actus
1200 790 1218 831 a
1233 789 1265 831 re
1279 789 1351 852 pro-

249 875 405 956 ducibiles,
424 885 455 942 et
477 900 539 941 non
562 879 689 963 ponitur
711 888 797 944 aetus
819 880 971 945 secundus
996 881 1165 944 formaliter
1187 879 1268 958 talis,
1291 879 1353 942 nisi

249 998 374 1074 propter
387 989 481 1054 talem
503 991 750 1056 terminationem
777 993 815 1057 ad
838 991 932 1056 talem
955 992 1132 1056 terminum.
1178 989 1280 1066 Quare
1294 1013 1351 1054 nec

248 1101 326 1164 actio
335 1099 395 1164 Dei
405 1101 585 1166 simultanea
596 1101 777 1167 determinat
789 1105 939 1168 actionem
949 1112 1103 1182 creaturae,
1115 1125 1171 1167 nec
1183 1103 1246 1167 vice
1254 1125 1350 1181 versa,

249 1211 302 1276 sed
324 1213 403 1276 aetio
418 1213 579 1299 utriusque
601 1214 772 1293 atermino,
788 1237 849 1299 quo
864 1216 1043 1300 completur,
1059 1236 1145 1278 suam
1168 1211 1350 1277 determina·
1416 1255 1419 1262 ,

248 1323 364 1387 tionem
381 1323 525 1388 desumit.

291 1438 344 1501 29.
366 1436 495 1501 Decimo
520 1446 753 1522 argumentatur
778 1460 814 1501 ex
838 1437 975 1502 dominio
1000 1437 1061 1502 Dei
1084 1437 1117 1501 in
1132 1445 1295 1516 creaturas,
1318 1445 1349 1501 et

248 1538 359 1633 repetit
388 1549 445 1612 sub
475 1549 534 1613 alia
570 1549 667 1614 forma
704 1549 789 1634 quod
825 1549 966 1633 superius
1003 1549 1212 1629 refutavimus,
1238 1572 1350 1634 nempe

248 1659 481 1744 applicationem
497 1661 536 1725 ad
551 1661 704 1746 agendum
719 1658 785 1725 fieri
796 1661 1263 1748 perpraemotionemphysioam.
1290 1661 1351 1726 Sed

247 1771 364 1835 nullam
379 1795 488 1837 novam
503 1773 713 1858 probationem
734 1774 831 1838 affert.

291 1886 343 1948 30.
368 1884 539 1949 Undecimo
555 1885 656 1969 arguit
671 1907 706 1949 ex
718 1884 967 1950 subordinatione
978 1907 1138 1950 causarum
1148 1883 1350 1949 secundarum

247 1999 286 2064 ad
300 2000 450 2085 primam:
474 2009 505 2064 et
520 2001 637 2080 asserit,
654 2009 835 2082 creaturam,
849 2004 1028 2087 priusquam
1048 2009 1130 2086 agat,
1146 2000 1255 2065 debere
1277 2023 1349 2065 eon-

248 2112 335 2176 stitui
349 2113 383 2176 in
398 2113 515 2178 ratione
529 2113 672 2198 principii
686 2113 719 2176 in
734 2123 804 2177 actu
817 2111 951 2177 secundo
962 2113 1108 2196 operativi
1116 2138 1126 2192 3
1149 2115 1228 2196 quio,
1239 2113 1350 2197 inquit,

248 2227 327 2310 qaod
338 2250 396 2291 aon
412 2236 455 2291 est
470 2229 687 2292 1111111ίὲ111
702 2229 760 2291 nisi
774 2227 964 2291 habitualitcr
978 2235 1007 2290 et
1022 2228 1053 2290 in
1068 2235 1136 2290 oeta
1144 2229 1253 2311 primo,
1269 2249 1351 2289 aam-

246 2361 334 2421 quom
348 2349 425 2421 acet,
441 2341 500 2403 nisi
515 2342 712 2404 constituatur
725 2341 758 2402 ia
771 2339 887 2403 ratione
894 2341 1039 2423 priampii
1053 2339 1178 2402 actualis
1192 2348 1221 2402 et
1236 2341 1268 2401 in
1282 2346 1350 2402 crta

246 2451 369 2514 secundo
397 2453 548 2534 operativa
607 2449 649 2514 Et
671 2450 757 2515 addit
788 2450 862 2514 alias
886 2449 1029 2528 rationes,
1052 2471 1128 2534 quas
1151 2449 1351 2514 refutavimus

244 2563 278 2626 in
297 2570 429 2627 tractatu
444 2562 482 2626 de
496 2562 704 2627 accidentibus
722 2563 766 2645 (n.
782 2563 915 2645 27-32).

290 2673 537 2758 Respondebitur
549 2673 690 2758 negando
702 2682 854 2737 creaturas
863 2694 928 2736 esse
937 2671 976 2736 de
988 2694 1020 2736 se
1029 2671 1141 2736 activas
1150 2671 1349 2750 habitualiter,

245 2785 318 2850 licet
340 2786 402 2850 sint
424 2785 546 2850 tantum
568 2785 673 2850 activae
692 2787 724 2849 ia
738 2793 807 2850 acta
823 2787 932 2869 primo.
978 2784 1114 2849 Habitus
1135 2784 1218 2848 enim
1239 2784 1351 2848 dicitur

246 2897 284 2960 de
310 2897 455 2981 potentiis
473 2897 600 2981 passivis
622 2904 755 2975 tantum,
778 2905 809 2960 et
823 2897 920 2962 virtus
941 2896 1038 2960 activa
1056 2918 1225 2981 numquam
1248 2895 1351 2960 existit

246 3007 452 3087 habitualiter,
472 3007 525 3071 sed
540 3007 710 3072 virtualiter
733 3007 843 3073 solum,
889 3007 982 3084 Quod
996 3031 1067 3073 vero
1089 3016 1234 3087 creatura,
1249 3007 1349 3092 prius-

245 3141 339 3204 quam
361 3127 512 3204 operetur,
529 3119 637 3183 debeat
660 3119 804 3183 constitui
827 3120 981 3204 operativa
1002 3121 1035 3183 in
1056 3128 1125 3184 aotu
1147 3119 1280 3184 secundo
1304 3127 1350 3184 est

245 3253 324 3315 pura
338 3231 559 3312 contradicti03
582 3254 654 3296 nam
677 3255 713 3296 ex
724 3231 884 3300 ,Goudinio
906 3239 993 3296 aetus
1016 3232 1168 3296 secundus
1183 3239 1262 3296 esset
1276 3253 1347 3316 ope-

245 3343 332 3420 ratio,
352 3351 383 3407 et
405 3344 540 3427 operatio
562 3352 687 3408 nonest
709 3343 792 3429 prior
815 3345 931 3429 seipsa:
954 3345 1039 3409 iuxta
1059 3367 1116 3408 nos
1139 3352 1240 3408 autem
1263 3354 1349 3408 actus

245 3455 397 3518 secundus
413 3462 459 3518 est
474 3455 601 3519 effectus
617 3455 755 3535 actionis,
771 3477 868 3540 quum
891 3456 970 3520 actio
993 3457 1032 3521 sit
1054 3456 1202 3521 transitus
1224 3456 1262 3521 ab
1278 3464 1349 3521 actu

244 3565 344 3649 primo
353 3565 393 3629 ad
404 3566 591 3630 secundum:
614 3574 645 3630 et
658 3566 700 3630 sic
711 3567 810 3631 multo
822 3568 921 3653 magis
930 3576 1081 3653 repugnat
1090 3569 1187 3633 virtus
1196 3568 1348 3654 operativa

245 3676 282 3740 in¹
293 3686 364 3741 aotu
379 3677 512 3742 secundo
528 3687 693 3764 antequam
706 3688 841 3763 ponatur
855 3680 943 3745 actio.

288 3796 341 3856 31.
364 3792 555 3862 Duodecimo
577 3795 663 3858 affert
687 3795 859 3858 Goudinius
882 3795 972 3879 plura
999 3795 1256 3877 inconvenientia,
1280 3820 1349 3883 quae

246 3926 282 3968 ex
296 3905 459 3989 negatione
473 3905 800 3990 praedeterminationis
822 3905 958 3991 physicae
980 3906 1052 3970 oriri
1074 3915 1183 3991 putat:
1219 3910 1252 3970 1⁰
1266 3908 1349 3992 quod

245 4014 331 4078 Deus
361 4037 423 4077 non
453 4023 533 4078 esset
562 4027 653 4078 causa
682 4007 798 4099 prima:
833 4007 869 4081 2⁶
890 4008 972 4101 quod
1001 4017 1135 4081 influxus
1164 4011 1224 4081 Dei
1253 4018 1348 4082 subii-

245 4134 363 4189 ceretur
383 4133 546 4189 creaturae:
580 4127 615 4189 3⁰
638 4123 721 4210 quod
734 4125 821 4190 Deus
844 4149 907 4191 non
928 4135 1007 4192 esset
1027 4128 1170 4193 dominus
1192 4137 1346 4210 creaturae,

245 4236 353 4301 saltem
368 4235 490 4301 liberae:
514 4239 549 4298 4⁰
569 4236 652 4320 quod
675 4236 743 4300 Deo
769 4237 885 4322 aliquid
908 4238 987 4302 foret
1013 4239 1210 4323 impossibile,
1236 4263 1348 4325 nempe

245 4348 361 4414 efficere
374 4356 410 4412 ut
423 4348 518 4412 bomo
533 4348 565 4411 in
585 4348 645 4414 illis
669 4349 1001 4434 circumstantiisagat,
1016 4351 1049 4414 in
1069 4351 1182 4436 quibus
1203 4351 1348 4437 praevidet
