3186 4982
205 384 274 430 car.
292 365 348 450 ιι.]
580 389 685 434 rapax
699 391 935 437 ounoaoorcus.
1242 379 1307 442 289

238 549 431 608 Potantialitae
443 552 553 608 termini
565 560 608 610 ast
618 556 723 628 proprIe
738 557 845 628 passiva
860 556 895 613 ob
906 556 1038 613 rationem
1055 557 1157 614 dictam
1167 576 1195 615 n.
1208 577 1305 633 prac.;

205 640 234 691 et
251 642 292 692 est
311 638 448 711 receptiva
466 641 580 696 actionis
597 641 763 697 obiectorum
782 644 1013 716 intelligibilium:
1032 661 1093 718 qua
1112 646 1184 701 actio
1199 651 1307 719 recepta

204 722 304 778 dicitur
320 726 415 794 species
429 726 562 797 impressa.
599 728 790 784 Potentialitas
808 731 999 804 complementi
1017 737 1059 787 est
1075 733 1181 805 proprie
1198 735 1306 788 rauce-

204 812 273 881 tica3
291 811 357 866 licet
374 813 447 867 enim
468 813 575 868 dicatrr
592 814 696 869 moveri
714 815 749 871 ab
767 816 880 872 obiectis
900 834 948 891 per
967 819 1085 890 speciem
1103 819 1228 891 cognitis,
1245 819 1306 874 brec

204 901 297 952 tamen
312 899 399 953 motio
414 917 469 953 non
483 905 525 954 est
539 900 586 955 hic
603 900 759 973 accipienda
776 906 808 956 ιιι
821 921 894 958 nova
907 904 986 972 actio,
999 906 1047 960 sed
1064 911 1097 960 ut
1113 906 1254 962 resultatio
1271 924 1307 961 ax

203 985 378 1056 congruentia
389 991 418 1040 et
435 986 631 1059 conspiratione
644 992 719 1042 actus
731 989 904 1044 accidentalis
915 992 1093 1063 cognoscitivi
1110 1009 1172 1047 cum
1185 992 1306 1049 mbiecto

204 1071 374 1142 cognitionis.
420 1071 514 1137 Quum
534 1079 625 1128 autem
644 1075 705 1129 haec
725 1075 866 1130 resultatio
883 1077 990 1132 dicatsu
1010 1079 1117 1151 effectas
1135 1085 1305 1152 spontaneus,

204 1157 387 1229 potentialitas
398 1159 459 1214 haec
470 1164 541 1214 recte
553 1160 653 1215 dicitur
659 1161 777 1232 potentia
789 1163 907 1234 affection
920 1164 983 1234 (lv.
996 1183 1022 1219 ιι.
1035 1167 1079 1235 34,
1092 1167 1135 1234 38,
1147 1166 1205 1237 89).

239 1245 281 1300 38.
301 1245 360 1300 Ena
376 1265 393 1299 o
407 1265 433 1301 se
446 1252 475 1302 ει
491 1265 539 1302 ene
557 1248 590 1301 ab
601 1248 654 1302 alio
668 1247 718 1303 sub
733 1248 846 1303 diversis
863 1249 1012 1305 rationibus
1027 1250 1098 1306 inter
1114 1269 1142 1306 ss
1160 1252 1307 1324 comparari

204 1337 323 1404 possunt,
337 1336 366 1386 et
376 1337 442 1388 tunc
453 1333 567 1388 diversis
578 1333 733 1389 nominibus
744 1334 866 1396 relativis
880 1337 1062 1406 nominantur,
1075 1357 1101 1393 ι.
1113 1355 1152 1408 gr.
1165 1337 1308 1394 necessarii

204 1424 253 1472 aut
270 1419 460 1491 contingentis,
472 1420 574 1475 infiniti
591 1426 639 1475 aut
654 1421 735 1491 finiti,
747 1421 863 1476 absoluti
882 1427 931 1476 aut
944 1423 1059 1493 relativi,
1076 1425 1146 1479 entis
1162 1425 1243 1498 primi
1259 1429 1307 1479 aut

205 1505 275 1558 entis
287 1505 449 1578 participati,
461 1523 548 1562 cama
560 1507 655 1579 primae
668 1511 716 1561 aut
728 1508 859 1576 secundae,
871 1510 1009 1583 prototypi
1021 1515 1068 1565 aut
1078 1511 1214 1584 imaginis,
1226 1517 1277 1567 etc.

240 1591 282 1646 39.
303 1591 395 1656 Quum
412 1611 456 1647 eas
472 1595 504 1647 ab
520 1594 573 1648 olio
585 1594 684 1649 habeat
700 1593 807 1648 finitam
824 1595 973 1665 entitatem,
987 1595 1094 1652 infinita
1111 1598 1210 1652 entitas
1231 1604 1309 1652 extra

205 1677 274 1734 illud
294 1679 407 1752 cogitari
425 1685 531 1752 potest:
550 1685 579 1736 et
598 1680 659 1734 ideo
679 1680 767 1753 posito
788 1699 842 1735 uno
860 1681 905 1736 vel
922 1682 1043 1754 pluribus
1062 1683 1171 1739 entibus
1189 1683 1223 1739 ab
1244 1683 1308 1755 alio,

205 1767 295 1822 adhuc
309 1773 422 1839 possunt
432 1767 497 1840 poni
514 1768 569 1823 alia
579 1773 609 1822 at
619 1768 673 1822 alia
685 1767 759 1822 entia
775 1766 809 1822 ab
821 1768 874 1823 alio
892 1769 950 1823 sine
961 1770 1022 1824 fine.
1058 1770 1131 1842 Ergo
1143 1789 1190 1824 ens
1207 1769 1241 1824 ab
1253 1770 1308 1825 alio

205 1860 248 1910 ost
266 1854 372 1909 infinite
389 1854 602 1927 multiplicabile.
639 1854 741 1909 Utrum
752 1854 908 1910 vero'Deus
924 1855 1011 1927 possit
1027 1857 1163 1910 infinitam
1179 1855 1307 1910 multitu-

206 1942 299 1997 dinem
309 1940 340 1995 in
351 1946 415 1996 actu
425 1957 532 2014 ponere,
543 1941 657 2013 quaestio
669 1945 711 1995 est
721 1940 755 1995 de
767 1958 821 2012 qua
832 1941 879 1995 alii
891 1941 970 1996 aliter
981 1943 1149 2015 respondent
1186 1943 1309 1999 Maxima

206 2047 268 2103 pars
291 2034 373 2101 negat
395 2027 600 2082 multitudinem
621 2033 682 2082 actu
706 2026 842 2082 inlinitum
866 2045 923 2082 esse
946 2027 1109 2100 possibilem,
1131 2029 1179 2084 sed
1201 2029 1309 2083 nullum

207 2115 323 2172 affenmt
335 2119 524 2186 argumentum
535 2115 607 2186 quod
619 2114 689 2168 solvi
699 2118 823 2186 nequeat
859 2113 986 2185 Plerique
998 2118 1115 2186 arguunt
1126 2116 1307 2187 supponendo,

207 2203 347 2259 infinitum
358 2219 416 2256 asse
428 2201 458 2255 id
470 2202 542 2273 quod
550 2201 642 2272 augeri
654 2200 763 2272 nequit:
781 2206 811 2255 at
821 2200 882 2255 haec
897 2200 1019 2256 definitio
1031 2201 1159 2272 exprimit
1170 2201 1310 2255 infinitum

209 2291 328 2358 εειειιιίω,
341 2307 397 2343 non
414 2288 552 2342 infinitum
569 2287 730 2360 pneumatis,
743 2287 820 2342 cuius
832 2286 948 2342 essentia
965 2292 1007 2342 est
1017 2305 1122 2360 semper
1138 2287 1226 2356 linita,
1239 2291 1268 2342 et
1279 2287 1309 2341 in

209 2378 299 2450 aliqua
309 2375 398 2449 specie
411 2375 459 2447 (X.
471 2394 498 2430 ιι.
513 2375 607 2443 14-18,
620 2380 649 2428 ει
659 2393 686 2428 n.
701 2374 757 2445 19).

243 2464 355 2520 Infinita
366 2462 520 2517 multitudo
535 2466 578 2516 est
594 2459 791 2534 cognoscibilis,
804 2460 902 2516 saltem
915 2460 987 2530 Deo;
1006 2461 1112 2515 nullum
1131 2464 1222 2516 autem
1237 2460 1310 2532 quod

208 2552 327 2609 involuit
339 2549 579 2605 contradictionem
595 2554 638 2603 est
653 2547 839 2620 cognoscibile.
875 2546 950 2619 Ergo
968 2547 1116 2601 multitudo
1132 2547 1240 2602 infinita
1254 2564 1310 2601 non

206 2638 324 2696 involvit
335 2636 576 2692 contradictionem
589 2634 636 2706 (a.
649 2652 676 2689 n.
689 2635 746 2706 36).

242 2726 280 2780 Et
297 2725 350 2780 hoc
367 2724 442 2779 valet
458 2723 516 2778 sive
533 2740 583 2794 pro
601 2721 709 2776 infinita
725 2721 901 2776 multitidine
919 2720 1134 2789 coexistentium,
1147 2720 1205 2775 sive
1223 2721 1310 2774 multo

207 2812 295 2884 magis
305 2829 354 2884 pro
365 2809 474 2866 infinita
487 2808 665 2864 multitudine
680 2809 899 2876 successivorum,
911 2824 973 2879 quse
984 2807 1018 2860 fit
1034 2807 1183 2863 successive
1193 2807 1222 2860 in
1239 2811 1308 2864 actu.

209 2897 419 2954 Difficultetibue
430 2914 494 2952 vero
505 2913 560 2950 non
573 2894 682 2950 difficile
694 2893 870 2967 respondetur
883 2893 927 2964 (ab.
941 2912 967 2947 n.
981 2893 1090 2965 36-14).

243 2985 325 3053 Hinc,
335 2981 513 3038 simultitudo
522 2981 558 3036 sit
570 2981 675 3036 entium
683 2980 873 3049 materialium,
882 2980 983 3054 poterit
991 2979 1075 3034 etiam
1085 2979 1180 3035 haberi
1188 2980 1310 3036 extensio

209 3072 289 3128 realis
297 3070 412 3139 infinita,
420 3068 485 3124 licat
493 3085 655 3140 nequeamus
667 3085 726 3123 eam
735 3067 929 3140 imaginatione
941 3066 1080 3140 concipere
1091 3066 1145 3121 nisi
1152 3068 1186 3122 ad
1197 3068 1310 3122 modum

207 3159 343 3216 indefiniti
356 3157 403 3229 (a.
416 3175 443 3211 n.
455 3156 565 3228 41-46).

241 3249 285 3303 40.
304 3245 419 3314 Quando
426 3244 517 3318 plures
529 3242 687 3298 substantiae
697 3241 852 3314 conspirant
863 3241 892 3296 in
900 3241 1011 3313 aliquod
1022 3246 1120 3311 totum,
1130 3242 1251 3314 exsurgit
1263 3258 1310 3296 ens

202 3335 309 3409 physice
328 3332 495 3404 compescitam
512 3329 692 3402 expertibus.
730 3328 851 3400 Singulas
869 3334 961 3383 autem
978 3333 1067 3400 partes
1083 3329 1229 3401 primitivae
1246 3334 1311 3383 sunt

208 3440 313 3496 semper
328 3418 543 3477 substantialiter
555 3416 700 3488 simplices,
712 3416 742 3471 id
758 3421 865 3471 estnon
880 3415 941 3470 aliis
953 3415 1075 3488 partibus
1093 3421 1244 3472 constantes
1257 3415 1309 3488 (Π.

207 3529 233 3565 ιι.
247 3510 339 3564 2-41.

242 3509 361 3666 Physica
374 3592 534 3666 simplicitas
549 3589 674 3646 consistit
688 3589 718 3644 in
732 3589 833 3643 unitata
844 3595 916 3642 odas
926 3588 1056 3642 ειιιίιαιίιιί
1062 3607 1070 3642 τ
1088 3593 1182 3643 εοιιιιε
1198 3589 1310 3662 physice

209 3679 387 3752 compositum
398 3682 504 3732 constat
517 3675 639 3747 pbsnbm
645 3674 767 3746 metabus
777 3674 857 3728 simol
873 3673 1077 3745 conspirantibus
1088 3674 1116 3728 in
1127 3693 1208 3728 naam
1219 3681 1308 3732 snam.

209 3767 299 3833 Quare
311 3763 346 3818 ad
362 3762 518 3817 habendum
533 3779 620 3815 unum
631 3760 812 3832 compositum
831 3759 974 3832 physicum
989 3777 1044 3813 non
1061 3759 1160 3815 sufficit
1172 3765 1203 3816 ιιι
1220 3765 1311 3834 partes

209 3852 336 3918 existant,
349 3853 378 3902 et
389 3847 499 3920 quidem
511 3847 638 3901 distincta
649 3846 802 3915 existentia,
812 3846 860 3901 sed
870 3845 1017 3923 requiritur
1028 3845 1138 3918 insuper
1149 3848 1310 3920 conspiratio

208 3939 238 3993 in
258 3953 351 4005 unum,
363 3950 424 4005 quas
444 3932 526 3987 faciat
546 3931 762 3999 coniunctionem
780 3949 826 3986 seu
848 3931 1069 4002 compartionem
1087 3931 1139 3987 hac
1159 3932 1232 3988 enim
1251 3934 1311 3990 sola

207 4029 298 4100 partas
318 4021 514 4092 coniungantur
536 4019 565 4073 in
589 4035 674 4073 unum
696 4023 793 4072 totum.
830 4017 919 4087 Unde,
938 4035 1021 4090 quum
1045 4019 1132 4073 onmis
1155 4020 1310 4078 coniunctio

207 4127 297 4168 rerum
309 4106 436 4163 (intincto
448 4111 476 4160 et
488 4105 620 4177 complete
633 4104 808 4160 existentium
820 4104 857 4158 sit
868 4104 934 4178 ipsis
945 4105 1024 4160 rebus
1035 4105 1215 4177 accidentalis,
1230 4127 1310 4164 omne

207 4195 387 4270 compositum
398 4192 541 4266 physicum
553 4196 642 4264 potest
652 4189 750 4246 resolvi
765 4190 795 4245 in
807 4208 868 4246 suas
880 4195 978 4263 partes,
991 4191 1057 4263 quin
1074 4192 1203 4249 resolutio
1214 4201 1310 4250 noceat

206 4282 359 4342 existentias
377 4279 544 4353 singularum
555 4276 680 4351 partium.
716 4277 807 4343 Quare
824 4277 963 4332 character
973 4277 1091 4351 physicae
1107 4280 1310 4353 compositionis

207 4378 248 4427 est
264 4367 445 4440 equoraba'la'tos
456 4365 566 4438 physico
581 4362 807 4436 componentium.
845 4363 1008 4436 Econverso
1025 4366 1204 4437 compositum
1221 4373 1308 4422 meta·

251 4480 325 4522 vor..
345 4477 399 4520 ιιι.
1112 4474 1135 4517 c
