<?xml version="1.0" encoding="UTF-8"?>
<!DOCTYPE html PUBLIC "-//W3C//DTD XHTML 1.0 Transitional//EN"
    "http://www.w3.org/TR/xhtml1/DTD/xhtml1-transitional.dtd">
<html xmlns="http://www.w3.org/1999/xhtml" xml:lang="en" lang="en">
 <head>
  <title>
</title>
<meta http-equiv="Content-Type" content="text/html;charset=utf-8" />
  <meta name='ocr-system' content='tesseract 3.04.00' />
  <meta name='ocr-capabilities' content='ocr_page ocr_carea ocr_par ocr_line ocrx_word'/>
</head>
<body>
  <div class='ocr_page' id='page_1' title='image "./realisphilosoph01baymgoog_0170.png"; bbox 0 0 3240 4986; ppageno 0'>
   <div class='ocr_carea' id='block_1_1' title="bbox 236 347 1335 433">
    <p class='ocr_par' dir='ltr' id='par_1_1' title="bbox 236 347 1335 433">
     <span class='ocr_line' id='line_1_1' title="bbox 236 347 1335 433; baseline -0.003 -18"><span class='ocrx_word' id='word_1_1' title='bbox 236 371 309 415; x_wconf 74' lang='lat' dir='ltr'><strong>car.</strong></span> <span class='ocrx_word' id='word_1_2' title='bbox 327 347 381 433; x_wconf 91' lang='lat'><strong>11.]</strong></span> <span class='ocrx_word' id='word_1_3' title='bbox 544 371 587 414; x_wconf 85' lang='lat' dir='ltr'><strong>on</strong></span> <span class='ocrx_word' id='word_1_4' title='bbox 603 371 744 416; x_wconf 79' lang='lat' dir='ltr'><strong>serrone</strong></span> <span class='ocrx_word' id='word_1_5' title='bbox 761 371 819 415; x_wconf 82' lang='lat' dir='ltr'><strong>nur</strong></span> <span class='ocrx_word' id='word_1_6' title='bbox 836 371 874 414; x_wconf 82' lang='lat' dir='ltr'><strong>m</strong></span> <span class='ocrx_word' id='word_1_7' title='bbox 891 370 1021 415; x_wconf 81' lang='grc' dir='ltr'>ιιιιιιιιο.</span> <span class='ocrx_word' id='word_1_8' title='bbox 1274 351 1335 412; x_wconf 87' lang='grc'><strong>155</strong></span> 
     </span>
    </p>
   </div>
   <div class='ocr_carea' id='block_1_2' title="bbox 235 537 1381 4420">
    <p class='ocr_par' dir='ltr' id='par_1_2' title="bbox 235 537 1381 2051">
     <span class='ocr_line' id='line_1_2' title="bbox 236 537 1337 626; baseline -0.001 -24"><span class='ocrx_word' id='word_1_9' title='bbox 236 539 387 623; x_wconf 87' lang='lat' dir='ltr'><strong>sphaeram</strong></span> <span class='ocrx_word' id='word_1_10' title='bbox 408 537 572 604; x_wconf 80' lang='lat' dir='ltr'><strong>activitatis</strong></span> <span class='ocrx_word' id='word_1_11' title='bbox 594 539 724 624; x_wconf 79' lang='lat' dir='ltr'><strong>agentis,</strong></span> <span class='ocrx_word' id='word_1_12' title='bbox 738 541 787 606; x_wconf 87' lang='lat' dir='ltr'><strong>vel</strong></span> <span class='ocrx_word' id='word_1_13' title='bbox 810 540 984 626; x_wconf 84' lang='lat' dir='ltr'><strong>imprimere</strong></span> <span class='ocrx_word' id='word_1_14' title='bbox 1002 538 1118 625; x_wconf 90' lang='lat' dir='ltr'><strong>aliquid</strong></span> <span class='ocrx_word' id='word_1_15' title='bbox 1139 537 1200 624; x_wconf 91' lang='lat' dir='ltr'><strong>ipsi</strong></span> <span class='ocrx_word' id='word_1_16' title='bbox 1214 537 1337 622; x_wconf 77' lang='lat' dir='ltr'><strong>agenti3</strong></span> 
     </span>
     <span class='ocr_line' id='line_1_3' title="bbox 236 648 1339 736; baseline -0.001 -23"><span class='ocrx_word' id='word_1_17' title='bbox 236 660 283 714; x_wconf 90' lang='lat' dir='ltr'><strong>est</strong></span> <span class='ocrx_word' id='word_1_18' title='bbox 297 672 370 734; x_wconf 87' lang='lat' dir='ltr'><strong>ergo</strong></span> <span class='ocrx_word' id='word_1_19' title='bbox 385 649 463 714; x_wconf 89' lang='lat' dir='ltr'><strong>actio</strong></span> <span class='ocrx_word' id='word_1_20' title='bbox 477 672 539 734; x_wconf 87' lang='lat' dir='ltr'><strong>qua</strong></span> <span class='ocrx_word' id='word_1_21' title='bbox 553 673 647 734; x_wconf 83' lang='lat' dir='ltr'><strong>agens</strong></span> <span class='ocrx_word' id='word_1_22' title='bbox 662 651 788 736; x_wconf 90' lang='lat' dir='ltr'><strong>ponitur</strong></span> <span class='ocrx_word' id='word_1_23' title='bbox 807 651 840 714; x_wconf 89' lang='lat' dir='ltr'><strong>in</strong></span> <span class='ocrx_word' id='word_1_24' title='bbox 864 651 975 716; x_wconf 89' lang='lat' dir='ltr'><strong>debitis</strong></span> <span class='ocrx_word' id='word_1_25' title='bbox 995 648 1231 730; x_wconf 89' lang='lat' dir='ltr'><strong>conditionibus,</strong></span> <span class='ocrx_word' id='word_1_26' title='bbox 1247 657 1283 713; x_wconf 91' lang='lat' dir='ltr'><strong>ut</strong></span> <span class='ocrx_word' id='word_1_27' title='bbox 1302 669 1339 713; x_wconf 87' lang='lat' dir='ltr'><strong>ex</strong></span> 
     </span>
     <span class='ocr_line' id='line_1_4' title="bbox 236 760 1338 847; baseline -0.002 -22"><span class='ocrx_word' id='word_1_28' title='bbox 236 760 302 825; x_wconf 87' lang='lat' dir='ltr'><strong>eius</strong></span> <span class='ocrx_word' id='word_1_29' title='bbox 327 761 439 824; x_wconf 85' lang='lat' dir='ltr'><strong>virtute</strong></span> <span class='ocrx_word' id='word_1_30' title='bbox 468 760 611 845; x_wconf 89' lang='lat' dir='ltr'><strong>procedat</strong></span> <span class='ocrx_word' id='word_1_31' title='bbox 639 761 710 826; x_wconf 90' lang='lat' dir='ltr'><strong>talis</strong></span> <span class='ocrx_word' id='word_1_32' title='bbox 739 763 886 826; x_wconf 84' lang='lat' dir='ltr'><strong>effectus:</strong></span> <span class='ocrx_word' id='word_1_33' title='bbox 909 761 964 826; x_wconf 89' lang='lat' dir='ltr'><strong>sed</strong></span> <span class='ocrx_word' id='word_1_34' title='bbox 992 783 1104 847; x_wconf 88' lang='lat' dir='ltr'><strong>ponere</strong></span> <span class='ocrx_word' id='word_1_35' title='bbox 1133 769 1275 846; x_wconf 85' lang='lat' dir='ltr'><strong>agentem</strong></span> <span class='ocrx_word' id='word_1_36' title='bbox 1304 761 1338 824; x_wconf 90' lang='lat' dir='ltr'><strong>in</strong></span> 
     </span>
     <span class='ocr_line' id='line_1_5' title="bbox 238 870 1340 958; baseline -0.002 -23"><span class='ocrx_word' id='word_1_37' title='bbox 238 870 348 935; x_wconf 91' lang='lat' dir='ltr'><strong>debitis</strong></span> <span class='ocrx_word' id='word_1_38' title='bbox 362 871 590 936; x_wconf 88' lang='lat' dir='ltr'><strong>conditionibus</strong></span> <span class='ocrx_word' id='word_1_39' title='bbox 612 881 648 936; x_wconf 93' lang='lat' dir='ltr'><strong>ut</strong></span> <span class='ocrx_word' id='word_1_40' title='bbox 674 873 823 958; x_wconf 88' lang='lat' dir='ltr'><strong>producat</strong></span> <span class='ocrx_word' id='word_1_41' title='bbox 849 873 941 936; x_wconf 90' lang='lat' dir='ltr'><strong>talem</strong></span> <span class='ocrx_word' id='word_1_42' title='bbox 964 873 1116 954; x_wconf 81' lang='lat' dir='ltr'><strong>effectum,</strong></span> <span class='ocrx_word' id='word_1_43' title='bbox 1132 881 1257 936; x_wconf 89' lang='lat' dir='ltr'><strong>nonest</strong></span> <span class='ocrx_word' id='word_1_44' title='bbox 1280 870 1340 935; x_wconf 87' lang='lat' dir='ltr'><strong>nisi</strong></span> 
     </span>
     <span class='ocr_line' id='line_1_6' title="bbox 237 982 1339 1071; baseline 0.001 -23"><span class='ocrx_word' id='word_1_45' title='bbox 237 1005 348 1068; x_wconf 88' lang='lat' dir='ltr'><strong>ponere</strong></span> <span class='ocrx_word' id='word_1_46' title='bbox 362 982 568 1049; x_wconf 90' lang='lat' dir='ltr'><strong>conditionem</strong></span> <span class='ocrx_word' id='word_1_47' title='bbox 583 984 649 1049; x_wconf 87' lang='lat' dir='ltr'><strong>siue</strong></span> <span class='ocrx_word' id='word_1_48' title='bbox 663 1006 724 1070; x_wconf 88' lang='lat' dir='ltr'><strong>que</strong></span> <span class='ocrx_word' id='word_1_49' title='bbox 738 1008 820 1051; x_wconf 78' lang='lat' dir='ltr'><strong>non:</strong></span> <span class='ocrx_word' id='word_1_50' title='bbox 843 994 875 1050; x_wconf 87' lang='lat' dir='ltr'><strong>et</strong></span> <span class='ocrx_word' id='word_1_51' title='bbox 889 994 1112 1071; x_wconf 85' lang='lat' dir='ltr'><strong>consequenter</strong></span> <span class='ocrx_word' id='word_1_52' title='bbox 1126 1007 1189 1050; x_wconf 89' lang='lat' dir='ltr'><strong>non</strong></span> <span class='ocrx_word' id='word_1_53' title='bbox 1204 993 1250 1050; x_wconf 87' lang='lat' dir='ltr'><strong>est</strong></span> <span class='ocrx_word' id='word_1_54' title='bbox 1268 1006 1339 1068; x_wconf 92' lang='lat' dir='ltr'><strong>pro-</strong></span> 
     </span>
     <span class='ocr_line' id='line_1_7' title="bbox 237 1096 1340 1183; baseline 0 -24"><span class='ocrx_word' id='word_1_55' title='bbox 237 1097 349 1160; x_wconf 91' lang='lat' dir='ltr'><strong>ducere</strong></span> <span class='ocrx_word' id='word_1_56' title='bbox 365 1096 530 1161; x_wconf 87' lang='lat' dir='ltr'><strong>efficienter</strong></span> <span class='ocrx_word' id='word_1_57' title='bbox 543 1096 637 1161; x_wconf 86' lang='lat' dir='ltr'><strong>talem</strong></span> <span class='ocrx_word' id='word_1_58' title='bbox 652 1097 804 1162; x_wconf 87' lang='lat' dir='ltr'><strong>effectum.</strong></span> <span class='ocrx_word' id='word_1_59' title='bbox 850 1098 934 1182; x_wconf 81' lang='lat' dir='ltr'><strong>Ergo</strong></span> <span class='ocrx_word' id='word_1_60' title='bbox 954 1097 1105 1183; x_wconf 86' lang='lat' dir='ltr'><strong>applicare</strong></span> <span class='ocrx_word' id='word_1_61' title='bbox 1119 1096 1198 1161; x_wconf 87' lang='lat' dir='ltr'><strong>vires</strong></span> <span class='ocrx_word' id='word_1_62' title='bbox 1220 1097 1340 1180; x_wconf 85' lang='lat' dir='ltr'><strong>agentis</strong></span> 
     </span>
     <span class='ocr_line' id='line_1_8' title="bbox 239 1207 1340 1294; baseline 0.002 -24"><span class='ocrx_word' id='word_1_63' title='bbox 239 1230 301 1270; x_wconf 90' lang='lat' dir='ltr'><strong>non</strong></span> <span class='ocrx_word' id='word_1_64' title='bbox 321 1216 368 1271; x_wconf 88' lang='lat' dir='ltr'><strong>est</strong></span> <span class='ocrx_word' id='word_1_65' title='bbox 390 1207 525 1272; x_wconf 81' lang='lat' dir='ltr'><strong>effective</strong></span> <span class='ocrx_word' id='word_1_66' title='bbox 546 1229 725 1274; x_wconf 87' lang='lat' dir='ltr'><strong>concurrere</strong></span> <span class='ocrx_word' id='word_1_67' title='bbox 748 1209 853 1273; x_wconf 87' lang='lat' dir='ltr'><strong>stricte</strong></span> <span class='ocrx_word' id='word_1_68' title='bbox 871 1209 911 1274; x_wconf 88' lang='lat' dir='ltr'><strong>ad</strong></span> <span class='ocrx_word' id='word_1_69' title='bbox 933 1207 1164 1294; x_wconf 88' lang='lat' dir='ltr'><strong>producendum</strong></span> <span class='ocrx_word' id='word_1_70' title='bbox 1187 1208 1340 1272; x_wconf 84' lang='lat' dir='ltr'><strong>effectum.</strong></span> 
     </span>
     <span class='ocr_line' id='line_1_9' title="bbox 239 1317 1340 1405; baseline 0 -23"><span class='ocrx_word' id='word_1_71' title='bbox 239 1317 330 1395; x_wconf 85' lang='lat' dir='ltr'><strong>Quod</strong></span> <span class='ocrx_word' id='word_1_72' title='bbox 348 1327 450 1383; x_wconf 88' lang='lat' dir='ltr'><strong>autem</strong></span> <span class='ocrx_word' id='word_1_73' title='bbox 471 1340 636 1384; x_wconf 80' lang='lat' dir='ltr'><strong>concursus</strong></span> <span class='ocrx_word' id='word_1_74' title='bbox 655 1321 759 1385; x_wconf 80' lang='lat' dir='ltr'><strong>stricte</strong></span> <span class='ocrx_word' id='word_1_75' title='bbox 781 1328 924 1405; x_wconf 89' lang='lat' dir='ltr'><strong>sumptus</strong></span> <span class='ocrx_word' id='word_1_76' title='bbox 940 1320 1047 1385; x_wconf 88' lang='lat' dir='ltr'><strong>debeat</strong></span> <span class='ocrx_word' id='word_1_77' title='bbox 1062 1342 1127 1384; x_wconf 89' lang='lat' dir='ltr'><strong>esse</strong></span> <span class='ocrx_word' id='word_1_78' title='bbox 1141 1320 1340 1398; x_wconf 75' lang='lat' dir='ltr'><strong>simultcneru,</strong></span> 
     </span>
     <span class='ocr_line' id='line_1_10' title="bbox 235 1429 1337 1516; baseline 0.002 -24"><span class='ocrx_word' id='word_1_79' title='bbox 235 1439 319 1514; x_wconf 90' lang='lat' dir='ltr'><strong>patet</strong></span> <span class='ocrx_word' id='word_1_80' title='bbox 327 1455 337 1507; x_wconf 91' lang='lat'>;</span> <span class='ocrx_word' id='word_1_81' title='bbox 361 1429 432 1514; x_wconf 90' lang='lat' dir='ltr'><strong>quia</strong></span> <span class='ocrx_word' id='word_1_82' title='bbox 447 1451 612 1494; x_wconf 77' lang='lat' dir='ltr'><strong>concursus</strong></span> <span class='ocrx_word' id='word_1_83' title='bbox 626 1431 756 1516; x_wconf 77' lang='lat' dir='ltr'><strong>praevius</strong></span> <span class='ocrx_word' id='word_1_84' title='bbox 770 1440 850 1495; x_wconf 90' lang='lat' dir='ltr'><strong>esset</strong></span> <span class='ocrx_word' id='word_1_85' title='bbox 865 1454 1030 1496; x_wconf 88' lang='lat' dir='ltr'><strong>concursus</strong></span> <span class='ocrx_word' id='word_1_86' title='bbox 1044 1430 1214 1496; x_wconf 82' lang='lat' dir='ltr'><strong>mediatos:</strong></span> <span class='ocrx_word' id='word_1_87' title='bbox 1237 1439 1268 1494; x_wconf 90' lang='lat' dir='ltr'><strong>et</strong></span> <span class='ocrx_word' id='word_1_88' title='bbox 1284 1432 1337 1509; x_wconf 91' lang='lat' dir='ltr'><strong>sic,</strong></span> 
     </span>
     <span class='ocr_line' id='line_1_11' title="bbox 238 1540 1381 1620; baseline 0.001 -16"><span class='ocrx_word' id='word_1_89' title='bbox 238 1564 273 1604; x_wconf 87' lang='lat' dir='ltr'><strong>ex</strong></span> <span class='ocrx_word' id='word_1_90' title='bbox 289 1540 386 1620; x_wconf 91' lang='lat' dir='ltr'><strong>dictis,</strong></span> <span class='ocrx_word' id='word_1_91' title='bbox 403 1562 466 1604; x_wconf 89' lang='lat' dir='ltr'><strong>non</strong></span> <span class='ocrx_word' id='word_1_92' title='bbox 481 1549 559 1604; x_wconf 89' lang='lat' dir='ltr'><strong>esset</strong></span> <span class='ocrx_word' id='word_1_93' title='bbox 575 1541 678 1605; x_wconf 90' lang='lat' dir='ltr'><strong>stricte</strong></span> <span class='ocrx_word' id='word_1_94' title='bbox 693 1563 868 1607; x_wconf 85' lang='lat' dir='ltr'><strong>concursus.</strong></span> <span class='ocrx_word' id='word_1_95' title='bbox 914 1541 1008 1619; x_wconf 81' lang='lat' dir='ltr'><strong>Quod</strong></span> <span class='ocrx_word' id='word_1_96' title='bbox 1022 1551 1125 1608; x_wconf 87' lang='lat' dir='ltr'><strong>antem</strong></span> <span class='ocrx_word' id='word_1_97' title='bbox 1143 1549 1223 1606; x_wconf 88' lang='lat' dir='ltr'><strong>essct</strong></span> <span class='ocrx_word' id='word_1_98' title='bbox 1244 1542 1340 1606; x_wconf 89' lang='lat' dir='ltr'><strong>medi·</strong></span> <span class='ocrx_word' id='word_1_99' title='bbox 1379 1555 1381 1558; x_wconf 82' lang='grc'><strong>’</strong></span> 
     </span>
     <span class='ocr_line' id='line_1_12' title="bbox 239 1652 1339 1739; baseline 0.003 -25"><span class='ocrx_word' id='word_1_100' title='bbox 239 1661 318 1731; x_wconf 82' lang='lat' dir='ltr'><strong>atus,</strong></span> <span class='ocrx_word' id='word_1_101' title='bbox 334 1652 454 1716; x_wconf 91' lang='lat' dir='ltr'><strong>nullum</strong></span> <span class='ocrx_word' id='word_1_102' title='bbox 475 1661 522 1718; x_wconf 91' lang='lat' dir='ltr'><strong>est</strong></span> <span class='ocrx_word' id='word_1_103' title='bbox 539 1652 689 1732; x_wconf 83' lang='lat' dir='ltr'><strong>dubium3</strong></span> <span class='ocrx_word' id='word_1_104' title='bbox 712 1653 862 1739; x_wconf 85' lang='lat' dir='ltr'><strong>siquidem</strong></span> <span class='ocrx_word' id='word_1_105' title='bbox 878 1655 1042 1739; x_wconf 82' lang='lat' dir='ltr'><strong>attingeret</strong></span> <span class='ocrx_word' id='word_1_106' title='bbox 1057 1655 1155 1739; x_wconf 89' lang='lat' dir='ltr'><strong>ipsam</strong></span> <span class='ocrx_word' id='word_1_107' title='bbox 1170 1663 1339 1720; x_wconf 87' lang='lat' dir='ltr'><strong>creaturam</strong></span> 
     </span>
     <span class='ocr_line' id='line_1_13' title="bbox 239 1763 1338 1849; baseline 0.002 -22"><span class='ocrx_word' id='word_1_108' title='bbox 239 1773 392 1847; x_wconf 86' lang='lat' dir='ltr'><strong>agentem,</strong></span> <span class='ocrx_word' id='word_1_109' title='bbox 419 1786 511 1849; x_wconf 88' lang='lat' dir='ltr'><strong>quam</strong></span> <span class='ocrx_word' id='word_1_110' title='bbox 535 1763 681 1829; x_wconf 85' lang='lat' dir='ltr'><strong>excitaret</strong></span> <span class='ocrx_word' id='word_1_111' title='bbox 704 1765 744 1838; x_wconf 94' lang='lat' dir='ltr'><strong>ad</strong></span> <span class='ocrx_word' id='word_1_112' title='bbox 768 1765 933 1849; x_wconf 82' lang='lat' dir='ltr'><strong>egendum,</strong></span> <span class='ocrx_word' id='word_1_113' title='bbox 956 1774 987 1831; x_wconf 95' lang='lat' dir='ltr'><strong>et</strong></span> <span class='ocrx_word' id='word_1_114' title='bbox 1010 1788 1073 1830; x_wconf 90' lang='lat' dir='ltr'><strong>non</strong></span> <span class='ocrx_word' id='word_1_115' title='bbox 1093 1767 1153 1830; x_wconf 91' lang='lat' dir='ltr'><strong>nisi</strong></span> <span class='ocrx_word' id='word_1_116' title='bbox 1170 1765 1338 1849; x_wconf 89' lang='lat' dir='ltr'><strong>peripsam</strong></span> 
     </span>
     <span class='ocr_line' id='line_1_14' title="bbox 238 1875 1341 1963; baseline 0.005 -26"><span class='ocrx_word' id='word_1_117' title='bbox 238 1875 404 1958; x_wconf 83' lang='lat' dir='ltr'><strong>attingeret</strong></span> <span class='ocrx_word' id='word_1_118' title='bbox 429 1875 591 1942; x_wconf 85' lang='lat' dir='ltr'><strong>effectum:</strong></span> <span class='ocrx_word' id='word_1_119' title='bbox 614 1877 697 1961; x_wconf 90' lang='lat' dir='ltr'><strong>quod</strong></span> <span class='ocrx_word' id='word_1_120' title='bbox 723 1877 821 1960; x_wconf 80' lang='lat' dir='ltr'><strong>magis</strong></span> <span class='ocrx_word' id='word_1_121' title='bbox 847 1875 963 1961; x_wconf 88' lang='lat' dir='ltr'><strong>patebit</strong></span> <span class='ocrx_word' id='word_1_122' title='bbox 988 1899 1024 1943; x_wconf 84' lang='lat' dir='ltr'><strong>ex</strong></span> <span class='ocrx_word' id='word_1_123' title='bbox 1047 1900 1134 1943; x_wconf 90' lang='lat' dir='ltr'><strong>num.</strong></span> <span class='ocrx_word' id='word_1_124' title='bbox 1159 1900 1222 1963; x_wconf 89' lang='lat' dir='ltr'><strong>seq.</strong></span> <span class='ocrx_word' id='word_1_125' title='bbox 1248 1886 1280 1942; x_wconf 90' lang='lat' dir='ltr'><strong>et</strong></span> <span class='ocrx_word' id='word_1_126' title='bbox 1305 1899 1341 1942; x_wconf 85' lang='lat' dir='ltr'><strong>ex</strong></span> 
     </span>
     <span class='ocr_line' id='line_1_15' title="bbox 239 1985 630 2051; baseline 0 -1"><span class='ocrx_word' id='word_1_127' title='bbox 239 1985 391 2050; x_wconf 88' lang='lat' dir='ltr'><strong>solutione</strong></span> <span class='ocrx_word' id='word_1_128' title='bbox 405 1985 630 2051; x_wconf 84' lang='lat' dir='ltr'><strong>difficultatum.</strong></span> 
     </span>
    </p>

    <p class='ocr_par' dir='ltr' id='par_1_3' title="bbox 240 2096 1341 2292">
     <span class='ocr_line' id='line_1_16' title="bbox 284 2096 1341 2184; baseline 0.002 -22"><span class='ocrx_word' id='word_1_129' title='bbox 284 2100 335 2162; x_wconf 83' lang='lat'><strong>13.</strong></span> <span class='ocrx_word' id='word_1_130' title='bbox 360 2096 516 2174; x_wconf 85' lang='lat' dir='ltr'><strong>Quaeritur</strong></span> <span class='ocrx_word' id='word_1_131' title='bbox 526 2098 625 2176; x_wconf 86' lang='lat' dir='ltr'><strong>tertio,</strong></span> <span class='ocrx_word' id='word_1_132' title='bbox 637 2106 737 2162; x_wconf 81' lang='lat' dir='ltr'><strong>atram</strong></span> <span class='ocrx_word' id='word_1_133' title='bbox 751 2119 905 2162; x_wconf 70' lang='lat' dir='ltr'><strong>concanae</strong></span> <span class='ocrx_word' id='word_1_134' title='bbox 918 2099 1021 2162; x_wconf 70' lang='lat' dir='ltr'><strong>stricte</strong></span> <span class='ocrx_word' id='word_1_135' title='bbox 1034 2108 1167 2184; x_wconf 79' lang='lat' dir='ltr'><strong>sumptus</strong></span> <span class='ocrx_word' id='word_1_136' title='bbox 1180 2101 1341 2182; x_wconf 72' lang='lat' dir='ltr'><strong>receptatur</strong></span> 
     </span>
     <span class='ocr_line' id='line_1_17' title="bbox 240 2210 677 2292; baseline 0 -20"><span class='ocrx_word' id='word_1_137' title='bbox 240 2211 271 2272; x_wconf 82' lang='lat' dir='ltr'><strong>in</strong></span> <span class='ocrx_word' id='word_1_138' title='bbox 286 2231 319 2272; x_wconf 88' lang='lat' dir='ltr'><strong>co</strong></span> <span class='ocrx_word' id='word_1_139' title='bbox 334 2232 398 2272; x_wconf 85' lang='lat' dir='ltr'><strong>cum</strong></span> <span class='ocrx_word' id='word_1_140' title='bbox 412 2231 469 2292; x_wconf 81' lang='lat' dir='ltr'><strong>quc</strong></span> <span class='ocrx_word' id='word_1_141' title='bbox 484 2210 677 2273; x_wconf 80' lang='lat' dir='ltr'><strong>concurritur.</strong></span> 
     </span>
    </p>

    <p class='ocr_par' dir='ltr' id='par_1_4' title="bbox 238 2318 1345 4420">
     <span class='ocr_line' id='line_1_18' title="bbox 284 2318 1341 2405; baseline 0.001 -21"><span class='ocrx_word' id='word_1_142' title='bbox 284 2320 466 2405; x_wconf 89' lang='lat' dir='ltr'><strong>Respondeo</strong></span> <span class='ocrx_word' id='word_1_143' title='bbox 480 2320 632 2404; x_wconf 82' lang='lat' dir='ltr'><strong>negative.</strong></span> <span class='ocrx_word' id='word_1_144' title='bbox 663 2318 755 2382; x_wconf 82' lang='lat' dir='ltr'><strong>Ratio</strong></span> <span class='ocrx_word' id='word_1_145' title='bbox 777 2327 833 2398; x_wconf 89' lang='lat' dir='ltr'><strong>est,</strong></span> <span class='ocrx_word' id='word_1_146' title='bbox 849 2319 922 2404; x_wconf 89' lang='lat' dir='ltr'><strong>quia</strong></span> <span class='ocrx_word' id='word_1_147' title='bbox 942 2318 1093 2405; x_wconf 88' lang='lat' dir='ltr'><strong>quidquid</strong></span> <span class='ocrx_word' id='word_1_148' title='bbox 1115 2319 1341 2385; x_wconf 81' lang='lat' dir='ltr'><strong>accidentaliter</strong></span> 
     </span>
     <span class='ocr_line' id='line_1_19' title="bbox 239 2429 1340 2516; baseline -0.001 -21"><span class='ocrx_word' id='word_1_149' title='bbox 239 2431 393 2516; x_wconf 86' lang='lat' dir='ltr'><strong>recipitur,</strong></span> <span class='ocrx_word' id='word_1_150' title='bbox 408 2431 553 2516; x_wconf 87' lang='lat' dir='ltr'><strong>recipitur</strong></span> <span class='ocrx_word' id='word_1_151' title='bbox 567 2429 607 2494; x_wconf 87' lang='lat' dir='ltr'><strong>ed</strong></span> <span class='ocrx_word' id='word_1_152' title='bbox 621 2431 747 2495; x_wconf 92' lang='lat' dir='ltr'><strong>modum</strong></span> <span class='ocrx_word' id='word_1_153' title='bbox 760 2430 929 2514; x_wconf 89' lang='lat' dir='ltr'><strong>passionis:</strong></span> <span class='ocrx_word' id='word_1_154' title='bbox 952 2431 1038 2516; x_wconf 89' lang='lat' dir='ltr'><strong>atqui</strong></span> <span class='ocrx_word' id='word_1_155' title='bbox 1052 2430 1152 2516; x_wconf 89' lang='lat' dir='ltr'><strong>passio</strong></span> <span class='ocrx_word' id='word_1_156' title='bbox 1170 2453 1340 2516; x_wconf 90' lang='lat' dir='ltr'><strong>numquam</strong></span> 
     </span>
     <span class='ocr_line' id='line_1_20' title="bbox 238 2541 1340 2628; baseline -0.001 -21"><span class='ocrx_word' id='word_1_157' title='bbox 238 2543 330 2607; x_wconf 89' lang='lat' dir='ltr'><strong>habet</strong></span> <span class='ocrx_word' id='word_1_158' title='bbox 346 2542 494 2607; x_wconf 90' lang='lat' dir='ltr'><strong>rationem</strong></span> <span class='ocrx_word' id='word_1_159' title='bbox 505 2541 626 2606; x_wconf 81' lang='lat' dir='ltr'><strong>virtutis</strong></span> <span class='ocrx_word' id='word_1_160' title='bbox 641 2541 763 2620; x_wconf 74' lang='lat' dir='ltr'><strong>activae,</strong></span> <span class='ocrx_word' id='word_1_161' title='bbox 785 2563 858 2626; x_wconf 84' lang='lat' dir='ltr'><strong>ergo</strong></span> <span class='ocrx_word' id='word_1_162' title='bbox 873 2542 957 2627; x_wconf 90' lang='lat' dir='ltr'><strong>quod</strong></span> <span class='ocrx_word' id='word_1_163' title='bbox 976 2542 1121 2627; x_wconf 86' lang='lat' dir='ltr'><strong>recipitur</strong></span> <span class='ocrx_word' id='word_1_164' title='bbox 1141 2543 1173 2605; x_wconf 91' lang='lat' dir='ltr'><strong>in</strong></span> <span class='ocrx_word' id='word_1_165' title='bbox 1195 2552 1340 2628; x_wconf 88' lang='lat' dir='ltr'><strong>operante</strong></span> 
     </span>
     <span class='ocr_line' id='line_1_21' title="bbox 239 2653 1341 2739; baseline -0.001 -21"><span class='ocrx_word' id='word_1_166' title='bbox 239 2677 302 2718; x_wconf 91' lang='lat' dir='ltr'><strong>non</strong></span> <span class='ocrx_word' id='word_1_167' title='bbox 328 2655 421 2718; x_wconf 90' lang='lat' dir='ltr'><strong>habet</strong></span> <span class='ocrx_word' id='word_1_168' title='bbox 444 2653 594 2718; x_wconf 88' lang='lat' dir='ltr'><strong>rationem</strong></span> <span class='ocrx_word' id='word_1_169' title='bbox 615 2653 739 2738; x_wconf 87' lang='lat' dir='ltr'><strong>proprie</strong></span> <span class='ocrx_word' id='word_1_170' title='bbox 758 2653 833 2717; x_wconf 90' lang='lat' dir='ltr'><strong>dicti</strong></span> <span class='ocrx_word' id='word_1_171' title='bbox 854 2675 1030 2720; x_wconf 89' lang='lat' dir='ltr'><strong>concursus.</strong></span> <span class='ocrx_word' id='word_1_172' title='bbox 1074 2655 1116 2718; x_wconf 80' lang='lat' dir='ltr'><strong>Et</strong></span> <span class='ocrx_word' id='word_1_173' title='bbox 1138 2654 1191 2734; x_wconf 90' lang='lat' dir='ltr'><strong>sic,</strong></span> <span class='ocrx_word' id='word_1_174' title='bbox 1207 2653 1341 2739; x_wconf 84' lang='lat' dir='ltr'><strong>quoties-</strong></span> 
     </span>
     <span class='ocr_line' id='line_1_22' title="bbox 240 2764 1341 2851; baseline -0.001 -20"><span class='ocrx_word' id='word_1_175' title='bbox 240 2789 370 2851; x_wconf 89' lang='lat' dir='ltr'><strong>cumque</strong></span> <span class='ocrx_word' id='word_1_176' title='bbox 385 2787 479 2848; x_wconf 84' lang='lat' dir='ltr'><strong>agens</strong></span> <span class='ocrx_word' id='word_1_177' title='bbox 493 2764 634 2850; x_wconf 87' lang='lat' dir='ltr'><strong>superius</strong></span> <span class='ocrx_word' id='word_1_178' title='bbox 649 2765 780 2850; x_wconf 90' lang='lat' dir='ltr'><strong>applicat</strong></span> <span class='ocrx_word' id='word_1_179' title='bbox 795 2765 923 2830; x_wconf 84' lang='lat' dir='ltr'><strong>inferius</strong></span> <span class='ocrx_word' id='word_1_180' title='bbox 938 2766 977 2830; x_wconf 91' lang='lat' dir='ltr'><strong>ad</strong></span> <span class='ocrx_word' id='word_1_181' title='bbox 999 2766 1164 2850; x_wconf 81' lang='lat' dir='ltr'><strong>agendum,</strong></span> <span class='ocrx_word' id='word_1_182' title='bbox 1179 2775 1245 2830; x_wconf 89' lang='lat' dir='ltr'><strong>tota</strong></span> <span class='ocrx_word' id='word_1_183' title='bbox 1263 2767 1341 2830; x_wconf 88' lang='lat' dir='ltr'><strong>actio</strong></span> 
     </span>
     <span class='ocr_line' id='line_1_23' title="bbox 240 2876 1341 2962; baseline 0.001 -21"><span class='ocrx_word' id='word_1_184' title='bbox 240 2879 402 2962; x_wconf 87' lang='lat' dir='ltr'><strong>superioris</strong></span> <span class='ocrx_word' id='word_1_185' title='bbox 426 2877 628 2956; x_wconf 80' lang='lat' dir='ltr'><strong>consumitur,</strong></span> <span class='ocrx_word' id='word_1_186' title='bbox 654 2886 691 2940; x_wconf 91' lang='lat' dir='ltr'><strong>ut</strong></span> <span class='ocrx_word' id='word_1_187' title='bbox 713 2877 757 2940; x_wconf 85' lang='lat' dir='ltr'><strong>ite</strong></span> <span class='ocrx_word' id='word_1_188' title='bbox 775 2876 884 2956; x_wconf 88' lang='lat' dir='ltr'><strong>dicam,</strong></span> <span class='ocrx_word' id='word_1_189' title='bbox 905 2884 937 2941; x_wconf 94' lang='lat' dir='ltr'><strong>et</strong></span> <span class='ocrx_word' id='word_1_190' title='bbox 962 2877 1149 2958; x_wconf 83' lang='lat' dir='ltr'><strong>exhauritur,</strong></span> <span class='ocrx_word' id='word_1_191' title='bbox 1171 2878 1234 2942; x_wconf 81' lang='lat' dir='ltr'><strong>sive</strong></span> <span class='ocrx_word' id='word_1_192' title='bbox 1259 2899 1341 2942; x_wconf 91' lang='lat' dir='ltr'><strong>com·</strong></span> 
     </span>
     <span class='ocr_line' id='line_1_24' title="bbox 239 2987 1342 3074; baseline 0.001 -23"><span class='ocrx_word' id='word_1_193' title='bbox 239 2988 351 3074; x_wconf 90' lang='lat' dir='ltr'><strong>pletur,</strong></span> <span class='ocrx_word' id='word_1_194' title='bbox 371 2989 403 3051; x_wconf 90' lang='lat' dir='ltr'><strong>in</strong></span> <span class='ocrx_word' id='word_1_195' title='bbox 428 2988 495 3073; x_wconf 89' lang='lat' dir='ltr'><strong>ipsa</strong></span> <span class='ocrx_word' id='word_1_196' title='bbox 517 2987 719 3072; x_wconf 87' lang='lat' dir='ltr'><strong>applicatione</strong></span> <span class='ocrx_word' id='word_1_197' title='bbox 743 3009 836 3072; x_wconf 90' lang='lat' dir='ltr'><strong>quam</strong></span> <span class='ocrx_word' id='word_1_198' title='bbox 859 2987 933 3052; x_wconf 87' lang='lat' dir='ltr'><strong>facit</strong></span> <span class='ocrx_word' id='word_1_199' title='bbox 957 2989 1085 3052; x_wconf 79' lang='lat' dir='ltr'><strong>existere</strong></span> <span class='ocrx_word' id='word_1_200' title='bbox 1107 2988 1141 3053; x_wconf 92' lang='lat' dir='ltr'><strong>in</strong></span> <span class='ocrx_word' id='word_1_201' title='bbox 1167 2997 1277 3072; x_wconf 83' lang='lat' dir='ltr'><strong>agente</strong></span> <span class='ocrx_word' id='word_1_202' title='bbox 1293 2989 1342 3052; x_wconf 92' lang='lat' dir='ltr'><strong>in-</strong></span> 
     </span>
     <span class='ocr_line' id='line_1_25' title="bbox 239 3097 1342 3186; baseline 0.002 -24"><span class='ocrx_word' id='word_1_203' title='bbox 239 3099 357 3178; x_wconf 88' lang='lat' dir='ltr'><strong>feriore,</strong></span> <span class='ocrx_word' id='word_1_204' title='bbox 381 3097 457 3182; x_wconf 89' lang='lat' dir='ltr'><strong>quin</strong></span> <span class='ocrx_word' id='word_1_205' title='bbox 483 3098 599 3183; x_wconf 88' lang='lat' dir='ltr'><strong>aliquid</strong></span> <span class='ocrx_word' id='word_1_206' title='bbox 621 3119 658 3162; x_wconf 82' lang='lat' dir='ltr'><strong>ex</strong></span> <span class='ocrx_word' id='word_1_207' title='bbox 683 3098 803 3163; x_wconf 88' lang='lat' dir='ltr'><strong>actione</strong></span> <span class='ocrx_word' id='word_1_208' title='bbox 827 3099 1008 3184; x_wconf 89' lang='lat' dir='ltr'><strong>applicativa</strong></span> <span class='ocrx_word' id='word_1_209' title='bbox 1031 3099 1161 3164; x_wconf 88' lang='lat' dir='ltr'><strong>transire</strong></span> <span class='ocrx_word' id='word_1_210' title='bbox 1186 3101 1283 3186; x_wconf 88' lang='lat' dir='ltr'><strong>possit</strong></span> <span class='ocrx_word' id='word_1_211' title='bbox 1308 3099 1342 3164; x_wconf 88' lang='lat' dir='ltr'><strong>in</strong></span> 
     </span>
     <span class='ocr_line' id='line_1_26' title="bbox 240 3210 1340 3298; baseline 0 -23"><span class='ocrx_word' id='word_1_212' title='bbox 240 3211 382 3275; x_wconf 87' lang='lat' dir='ltr'><strong>effectum</strong></span> <span class='ocrx_word' id='word_1_213' title='bbox 398 3210 644 3294; x_wconf 87' lang='lat' dir='ltr'><strong>subsequentem.</strong></span> <span class='ocrx_word' id='word_1_214' title='bbox 673 3210 714 3274; x_wconf 86' lang='lat' dir='ltr'><strong>Et</strong></span> <span class='ocrx_word' id='word_1_215' title='bbox 729 3210 768 3274; x_wconf 88' lang='lat' dir='ltr'><strong>ad</strong></span> <span class='ocrx_word' id='word_1_216' title='bbox 782 3210 861 3276; x_wconf 86' lang='lat' dir='ltr'><strong>hanc</strong></span> <span class='ocrx_word' id='word_1_217' title='bbox 875 3212 1025 3276; x_wconf 85' lang='lat' dir='ltr'><strong>rationem</strong></span> <span class='ocrx_word' id='word_1_218' title='bbox 1040 3212 1150 3277; x_wconf 90' lang='lat' dir='ltr'><strong>melius</strong></span> <span class='ocrx_word' id='word_1_219' title='bbox 1164 3211 1340 3298; x_wconf 87' lang='lat' dir='ltr'><strong>capiendam</strong></span> 
     </span>
     <span class='ocr_line' id='line_1_27' title="bbox 240 3321 1341 3410; baseline 0.004 -25"><span class='ocrx_word' id='word_1_220' title='bbox 240 3323 324 3387; x_wconf 91' lang='lat' dir='ltr'><strong>iuvat</strong></span> <span class='ocrx_word' id='word_1_221' title='bbox 346 3321 544 3398; x_wconf 87' lang='lat' dir='ltr'><strong>considerare,</strong></span> <span class='ocrx_word' id='word_1_222' title='bbox 568 3322 650 3406; x_wconf 91' lang='lat' dir='ltr'><strong>quod</strong></span> <span class='ocrx_word' id='word_1_223' title='bbox 672 3321 825 3408; x_wconf 90' lang='lat' dir='ltr'><strong>quidquid</strong></span> <span class='ocrx_word' id='word_1_224' title='bbox 847 3323 912 3406; x_wconf 85' lang='lat' dir='ltr'><strong>agit</strong></span> <span class='ocrx_word' id='word_1_225' title='bbox 937 3333 1007 3409; x_wconf 90' lang='lat' dir='ltr'><strong>post</strong></span> <span class='ocrx_word' id='word_1_226' title='bbox 1029 3335 1187 3410; x_wconf 88' lang='lat' dir='ltr'><strong>acceptum</strong></span> <span class='ocrx_word' id='word_1_227' title='bbox 1209 3325 1341 3410; x_wconf 89' lang='lat' dir='ltr'><strong>aliquem</strong></span> 
     </span>
     <span class='ocr_line' id='line_1_28' title="bbox 242 3432 1345 3512; baseline 0.002 -14"><span class='ocrx_word' id='word_1_228' title='bbox 242 3443 360 3498; x_wconf 91' lang='lat' dir='ltr'><strong>motum</strong></span> <span class='ocrx_word' id='word_1_229' title='bbox 384 3434 423 3497; x_wconf 91' lang='lat' dir='ltr'><strong>ab</strong></span> <span class='ocrx_word' id='word_1_230' title='bbox 449 3433 518 3512; x_wconf 88' lang='lat' dir='ltr'><strong>alio,</strong></span> <span class='ocrx_word' id='word_1_231' title='bbox 539 3432 632 3497; x_wconf 86' lang='lat' dir='ltr'><strong>habet</strong></span> <span class='ocrx_word' id='word_1_232' title='bbox 658 3455 690 3498; x_wconf 88' lang='lat' dir='ltr'><strong>se</strong></span> <span class='ocrx_word' id='word_1_233' title='bbox 713 3442 749 3498; x_wconf 94' lang='lat' dir='ltr'><strong>ut</strong></span> <span class='ocrx_word' id='word_1_234' title='bbox 771 3433 1013 3499; x_wconf 88' lang='lat' dir='ltr'><strong>instrumentum</strong></span> <span class='ocrx_word' id='word_1_235' title='bbox 1038 3434 1139 3501; x_wconf 89' lang='lat' dir='ltr'><strong>illius:</strong></span> <span class='ocrx_word' id='word_1_236' title='bbox 1162 3458 1253 3500; x_wconf 87' lang='lat' dir='ltr'><strong>causa</strong></span> <span class='ocrx_word' id='word_1_237' title='bbox 1274 3457 1345 3500; x_wconf 87' lang='lat' dir='ltr'><strong>vero</strong></span> 
     </span>
     <span class='ocr_line' id='line_1_29' title="bbox 240 3543 1345 3631; baseline 0 -21"><span class='ocrx_word' id='word_1_238' title='bbox 240 3545 493 3622; x_wconf 88' lang='lat' dir='ltr'><strong>instrumentalis,</strong></span> <span class='ocrx_word' id='word_1_239' title='bbox 515 3544 586 3608; x_wconf 91' lang='lat' dir='ltr'><strong>licet</strong></span> <span class='ocrx_word' id='word_1_240' title='bbox 614 3543 751 3627; x_wconf 85' lang='lat' dir='ltr'><strong>indigeat</strong></span> <span class='ocrx_word' id='word_1_241' title='bbox 776 3544 912 3628; x_wconf 87' lang='lat' dir='ltr'><strong>accipere</strong></span> <span class='ocrx_word' id='word_1_242' title='bbox 936 3553 1065 3624; x_wconf 87' lang='lat' dir='ltr'><strong>motum,</strong></span> <span class='ocrx_word' id='word_1_243' title='bbox 1079 3567 1143 3608; x_wconf 89' lang='lat' dir='ltr'><strong>non</strong></span> <span class='ocrx_word' id='word_1_244' title='bbox 1165 3553 1268 3609; x_wconf 89' lang='lat' dir='ltr'><strong>tamen</strong></span> <span class='ocrx_word' id='word_1_245' title='bbox 1287 3568 1345 3631; x_wconf 89' lang='lat' dir='ltr'><strong>per</strong></span> 
     </span>
     <span class='ocr_line' id='line_1_30' title="bbox 241 3654 1343 3740; baseline 0.001 -20"><span class='ocrx_word' id='word_1_246' title='bbox 241 3665 361 3720; x_wconf 91' lang='lat' dir='ltr'><strong>motum</strong></span> <span class='ocrx_word' id='word_1_247' title='bbox 375 3664 532 3740; x_wconf 89' lang='lat' dir='ltr'><strong>tamquam</strong></span> <span class='ocrx_word' id='word_1_248' title='bbox 547 3676 601 3739; x_wconf 89' lang='lat' dir='ltr'><strong>per</strong></span> <span class='ocrx_word' id='word_1_249' title='bbox 615 3654 761 3718; x_wconf 88' lang='lat' dir='ltr'><strong>virtutem</strong></span> <span class='ocrx_word' id='word_1_250' title='bbox 775 3655 945 3719; x_wconf 86' lang='lat' dir='ltr'><strong>effectivam</strong></span> <span class='ocrx_word' id='word_1_251' title='bbox 960 3664 1065 3719; x_wconf 87' lang='lat' dir='ltr'><strong>causat</strong></span> <span class='ocrx_word' id='word_1_252' title='bbox 1080 3677 1171 3720; x_wconf 89' lang='lat' dir='ltr'><strong>suum</strong></span> <span class='ocrx_word' id='word_1_253' title='bbox 1191 3657 1343 3736; x_wconf 85' lang='lat' dir='ltr'><strong>effectum,</strong></span> 
     </span>
     <span class='ocr_line' id='line_1_31' title="bbox 242 3765 1344 3852; baseline -0.003 -19"><span class='ocrx_word' id='word_1_254' title='bbox 242 3769 296 3833; x_wconf 89' lang='lat' dir='ltr'><strong>sed</strong></span> <span class='ocrx_word' id='word_1_255' title='bbox 321 3791 375 3852; x_wconf 86' lang='lat' dir='ltr'><strong>per</strong></span> <span class='ocrx_word' id='word_1_256' title='bbox 396 3767 474 3830; x_wconf 89' lang='lat' dir='ltr'><strong>vires</strong></span> <span class='ocrx_word' id='word_1_257' title='bbox 500 3788 569 3829; x_wconf 86' lang='lat' dir='ltr'><strong>suas</strong></span> <span class='ocrx_word' id='word_1_258' title='bbox 594 3765 755 3844; x_wconf 85' lang='lat' dir='ltr'><strong>effectivas,</strong></span> <span class='ocrx_word' id='word_1_259' title='bbox 771 3788 840 3850; x_wconf 89' lang='lat' dir='ltr'><strong>quae</strong></span> <span class='ocrx_word' id='word_1_260' title='bbox 859 3766 899 3829; x_wconf 93' lang='lat' dir='ltr'><strong>ob</strong></span> <span class='ocrx_word' id='word_1_261' title='bbox 922 3773 1041 3829; x_wconf 92' lang='lat' dir='ltr'><strong>motum</strong></span> <span class='ocrx_word' id='word_1_262' title='bbox 1063 3766 1245 3852; x_wconf 87' lang='lat' dir='ltr'><strong>impressum</strong></span> <span class='ocrx_word' id='word_1_263' title='bbox 1263 3766 1344 3830; x_wconf 89' lang='lat' dir='ltr'><strong>fiunt</strong></span> 
     </span>
     <span class='ocr_line' id='line_1_32' title="bbox 242 3875 1344 3964; baseline -0.004 -18"><span class='ocrx_word' id='word_1_264' title='bbox 242 3879 408 3946; x_wconf 88' lang='lat' dir='ltr'><strong>successive</strong></span> <span class='ocrx_word' id='word_1_265' title='bbox 427 3879 460 3941; x_wconf 89' lang='lat' dir='ltr'><strong>in</strong></span> <span class='ocrx_word' id='word_1_266' title='bbox 480 3876 597 3941; x_wconf 87' lang='lat' dir='ltr'><strong>diversa</strong></span> <span class='ocrx_word' id='word_1_267' title='bbox 616 3877 791 3941; x_wconf 90' lang='lat' dir='ltr'><strong>conditione</strong></span> <span class='ocrx_word' id='word_1_268' title='bbox 814 3877 908 3941; x_wconf 90' lang='lat' dir='ltr'><strong>relate</strong></span> <span class='ocrx_word' id='word_1_269' title='bbox 930 3875 970 3941; x_wconf 90' lang='lat' dir='ltr'><strong>ad</strong></span> <span class='ocrx_word' id='word_1_270' title='bbox 989 3876 1155 3941; x_wconf 88' lang='lat' dir='ltr'><strong>terminum</strong></span> <span class='ocrx_word' id='word_1_271' title='bbox 1177 3877 1227 3941; x_wconf 88' lang='lat' dir='ltr'><strong>cui</strong></span> <span class='ocrx_word' id='word_1_272' title='bbox 1247 3878 1344 3964; x_wconf 85' lang='lat' dir='ltr'><strong>appli-</strong></span> 
     </span>
     <span class='ocr_line' id='line_1_33' title="bbox 243 3987 1343 4074; baseline -0.004 -17"><span class='ocrx_word' id='word_1_273' title='bbox 243 4000 360 4058; x_wconf 88' lang='lat' dir='ltr'><strong>cantur.</strong></span> <span class='ocrx_word' id='word_1_274' title='bbox 405 3987 484 4053; x_wconf 86' lang='lat' dir='ltr'><strong>Vide</strong></span> <span class='ocrx_word' id='word_1_275' title='bbox 510 4010 578 4072; x_wconf 89' lang='lat' dir='ltr'><strong>quae</strong></span> <span class='ocrx_word' id='word_1_276' title='bbox 603 3987 736 4052; x_wconf 87' lang='lat' dir='ltr'><strong>diximus</strong></span> <span class='ocrx_word' id='word_1_277' title='bbox 758 4011 850 4074; x_wconf 90' lang='lat' dir='ltr'><strong>supra</strong></span> <span class='ocrx_word' id='word_1_278' title='bbox 879 3987 930 4074; x_wconf 83' lang='lat' dir='ltr'><strong>(de</strong></span> <span class='ocrx_word' id='word_1_279' title='bbox 953 3987 1072 4052; x_wconf 92' lang='lat' dir='ltr'><strong>mundo</strong></span> <span class='ocrx_word' id='word_1_280' title='bbox 1095 4011 1126 4053; x_wconf 91' lang='lat' dir='ltr'><strong>n.</strong></span> <span class='ocrx_word' id='word_1_281' title='bbox 1147 3990 1215 4072; x_wconf 79' lang='grc'>40).</span> <span class='ocrx_word' id='word_1_282' title='bbox 1261 3989 1343 4054; x_wconf 83' lang='grc' dir='ltr'>Οοιι-</span> 
     </span>
     <span class='ocr_line' id='line_1_34' title="bbox 243 4098 1344 4188; baseline -0.002 -21"><span class='ocrx_word' id='word_1_283' title='bbox 243 4110 405 4188; x_wconf 89' lang='lat' dir='ltr'><strong>sequenter</strong></span> <span class='ocrx_word' id='word_1_284' title='bbox 422 4099 547 4164; x_wconf 85' lang='lat' dir='ltr'><strong>effectus</strong></span> <span class='ocrx_word' id='word_1_285' title='bbox 562 4107 645 4163; x_wconf 88' lang='lat' dir='ltr'><strong>totus</strong></span> <span class='ocrx_word' id='word_1_286' title='bbox 660 4107 707 4164; x_wconf 88' lang='lat' dir='ltr'><strong>est</strong></span> <span class='ocrx_word' id='word_1_287' title='bbox 721 4099 856 4164; x_wconf 81' lang='lat' dir='ltr'><strong>effective</strong></span> <span class='ocrx_word' id='word_1_288' title='bbox 871 4099 910 4163; x_wconf 88' lang='lat' dir='ltr'><strong>ab</strong></span> <span class='ocrx_word' id='word_1_289' title='bbox 925 4098 1148 4164; x_wconf 86' lang='lat' dir='ltr'><strong>instrumento:</strong></span> <span class='ocrx_word' id='word_1_290' title='bbox 1171 4099 1224 4185; x_wconf 93' lang='lat' dir='ltr'><strong>qui</strong></span> <span class='ocrx_word' id='word_1_291' title='bbox 1242 4109 1344 4166; x_wconf 87' lang='lat' dir='ltr'><strong>autern</strong></span> 
     </span>
     <span class='ocr_line' id='line_1_35' title="bbox 243 4210 1343 4278; baseline -0.002 0"><span class='ocrx_word' id='word_1_292' title='bbox 243 4214 447 4278; x_wconf 89' lang='lat' dir='ltr'><strong>instrumento</strong></span> <span class='ocrx_word' id='word_1_293' title='bbox 467 4212 567 4275; x_wconf 91' lang='lat' dir='ltr'><strong>utitur</strong></span> <span class='ocrx_word' id='word_1_294' title='bbox 587 4231 651 4273; x_wconf 88' lang='lat' dir='ltr'><strong>non</strong></span> <span class='ocrx_word' id='word_1_295' title='bbox 674 4218 778 4274; x_wconf 89' lang='lat' dir='ltr'><strong>causat</strong></span> <span class='ocrx_word' id='word_1_296' title='bbox 797 4211 858 4274; x_wconf 88' lang='lat' dir='ltr'><strong>nisi</strong></span> <span class='ocrx_word' id='word_1_297' title='bbox 878 4218 996 4273; x_wconf 92' lang='lat' dir='ltr'><strong>motum</strong></span> <span class='ocrx_word' id='word_1_298' title='bbox 1016 4210 1233 4276; x_wconf 88' lang='lat' dir='ltr'><strong>instrumenti:</strong></span> <span class='ocrx_word' id='word_1_299' title='bbox 1257 4221 1287 4276; x_wconf 93' lang='lat' dir='ltr'><strong>et</strong></span> <span class='ocrx_word' id='word_1_300' title='bbox 1312 4235 1343 4276; x_wconf 91' lang='lat' dir='ltr'><strong>se</strong></span> 
     </span>
     <span class='ocr_line' id='line_1_36' title="bbox 243 4320 1345 4420; baseline 0 -31"><span class='ocrx_word' id='word_1_301' title='bbox 243 4324 337 4389; x_wconf 90' lang='lat' dir='ltr'><strong>habet</strong></span> <span class='ocrx_word' id='word_1_302' title='bbox 358 4322 451 4387; x_wconf 84' lang='lat' dir='ltr'><strong>relnte</strong></span> <span class='ocrx_word' id='word_1_303' title='bbox 472 4321 511 4386; x_wconf 90' lang='lat' dir='ltr'><strong>ed</strong></span> <span class='ocrx_word' id='word_1_304' title='bbox 534 4321 676 4386; x_wconf 85' lang='lat' dir='ltr'><strong>effectum</strong></span> <span class='ocrx_word' id='word_1_305' title='bbox 697 4321 905 4407; x_wconf 88' lang='lat' dir='ltr'><strong>posteriorem,</strong></span> <span class='ocrx_word' id='word_1_306' title='bbox 927 4320 1006 4386; x_wconf 92' lang='lat' dir='ltr'><strong>sicut</strong></span> <span class='ocrx_word' id='word_1_307' title='bbox 1029 4343 1147 4420; x_wconf 80' lang='lat' dir='ltr'><strong>ponens</strong></span> <span class='ocrx_word' id='word_1_308' title='bbox 1167 4323 1345 4408; x_wconf 89' lang='lat' dir='ltr'><strong>simpliciter</strong></span> 
     </span>
    </p>
   </div>
   <div class='ocr_carea' id='block_1_3' title="bbox 0 0 1632 4986">
    <p class='ocr_par' dir='ltr' id='par_1_5' title="bbox 0 0 1632 4986">
     <span class='ocr_line' id='line_1_37' title="bbox 0 0 1632 4986; baseline 0 0"><span class='ocrx_word' id='word_1_309' title='bbox 0 0 1632 4986; x_wconf 95' lang='lat' dir='ltr'><strong> </strong></span> 
     </span>
    </p>
   </div>
  </div>
 </body>
</html>
