3186 4982
209 403 284 446 csr.
303 383 358 466 ιι]
578 404 689 448 runnu
704 405 943 449 ouroaoercus.
1248 386 1312 449 295

206 570 277 635 actu,
290 566 338 621 sed
356 565 502 623 subsistere
516 573 558 624 est
573 568 639 623 rats
652 568 742 623 ummo
757 569 881 639 corupbte'.
918 567 993 624 Hinc
1004 567 1169 623 ultim
1180 567 1312 641 accipitur

206 672 254 726 pro
272 655 464 727 personalitate
481 661 510 712 et
526 671 574 730 pro
583 656 815 730 suppositalitate:
834 662 955 713 ettamen
967 655 1108 712 fatendum
1119 657 1245 729 estquod
1261 675 1310 712 au·

205 746 292 796 atores
310 742 377 796 satis
394 743 573 798 communiter
583 743 753 798 confundunt
763 742 907 799 subsistere
918 760 981 798 cum
993 744 1101 799 matera
1111 743 1140 798 ιἰι
1151 761 1186 812 ac,
1197 742 1270 798 sieut
1279 748 1310 798 et

205 827 299 882 dicunt
310 828 491 884 substantiam
502 846 560 884 esse
570 830 601 884 s'd
611 831 680 901 quod
684 847 736 900 per
747 847 774 884 ec
785 830 905 884 metris
931 829 1017 885 Ratio
1027 834 1069 884 est
1080 829 1152 902 quia,
1163 829 1228 885 licet
1239 829 1310 884 ratio

206 912 363 969 substantiae
378 915 415 970 sit
431 916 538 970 mttere
548 917 578 970 in
594 934 629 985 ae,
641 920 763 972 attamen
781 916 864 971 ctiam
877 916 1005 972 convenit
1021 917 1073 987 illi,
1084 917 1182 972 saltem
1198 920 1309 972 netrrre·

205 996 276 1066 liter,
283 1017 335 1068 per
351 1017 378 1053 ec
391 997 542 1055 subsistere.
579 998 764 1054 Nihilominus
782 999 812 1054 in
827 999 991 1072 disputando
1001 1000 1063 1056 bec
1073 1000 1128 1056 duc
1139 1000 1168 1054 in
1179 1017 1206 1055 aa
1216 1017 1269 1054 ma
1280 1003 1310 1054 et

200 1103 253 1154 per
263 1104 290 1139 ss
300 1085 434 1140 edmero
444 1091 509 1141 sunt
519 1085 639 1142 maxime
651 1086 848 1157 distinguenda

241 1173 284 1228 53.
302 1171 376 1227 Illud
394 1189 447 1245 quo
463 1190 512 1227 ens
524 1191 575 1244 per
591 1191 618 1228 ee
633 1173 752 1242 adstet,
770 1190 817 1226 seu
836 1171 1046 1244 suppositalitas,
1058 1171 1103 1228 vel
1121 1171 1309 1245 personalitas,

206 1275 261 1311 non
272 1263 313 1312 est
324 1258 382 1313 ciue
393 1259 623 1331 complementum
635 1257 801 1331 simpliciter,
813 1259 861 1314 sed
872 1259 901 1314 iu
912 1265 1038 1330 plantam
1050 1265 1087 1314 eat
1097 1258 1217 1314 altimum
1232 1275 1308 1314 com·

206 1345 380 1417 piamentum.
416 1345 489 1401 Nam
505 1363 563 1401 esse
576 1363 624 1418 per
641 1363 669 1400 se
687 1349 729 1401 est
740 1362 798 1400 esse
810 1344 844 1400 ab
855 1346 931 1400 omni
941 1345 996 1400 alic
1006 1345 1139 1400 divisum:
1159 1345 1189 1400 in
1200 1349 1309 1399 tentum

206 1436 298 1486 autem
322 1432 549 1504 complementum
573 1432 644 1488 antis
667 1431 811 1487 constituit
833 1449 881 1487 ens
898 1430 933 1487 ab
954 1432 1030 1488 omni
1048 1431 1103 1486 alio
1126 1431 1255 1499 divisum,
1279 1431 1309 1486 in

205 1524 338 1591 quantum
357 1524 398 1574 est
416 1519 552 1588 ultimum,
573 1536 621 1575 seu
641 1519 671 1574 in
691 1524 823 1591 quantum
843 1522 973 1574 connotat
990 1518 1127 1574 ulterioris
1147 1516 1309 1589 complentis

205 1605 383 1677 negationem.
420 1605 494 1678 Ergo
514 1604 663 1660 formalitas
683 1604 807 1678 subque
826 1605 1055 1677 complementum
1075 1604 1145 1660 entis
1165 1603 1309 1660 constituit

205 1710 249 1745 cue
255 1711 307 1762 per
318 1711 345 1746 ee
356 1696 397 1746 est
409 1693 468 1747 aius
479 1693 604 1746 altinate-s
618 1691 649 1746 in
663 1691 830 1764 complendo.
866 1691 958 1757 Quare
971 1690 1180 1746 constitutivum
1194 1690 1308 1745 formale

204 1784 366 1850 percenseat
381 1779 514 1852 suppositi
532 1778 616 1851 (sicum
633 1778 717 1834 etiam
734 1777 854 1834 diximus
871 1777 906 1833 de
922 1778 1030 1833 formali
1047 1777 1225 1834 constitutivo
1242 1775 1307 1832 sub-

206 1865 329 1936 stantias)
341 1865 370 1920 in
382 1865 527 1937 negatione
539 1865 663 1920 consistit
675 1865 723 1936 (V.
735 1883 762 1919 n.
776 1865 832 1938 17).
1085 1905 1088 1912 .

241 1953 283 2006 54.
302 1952 377 2007 Hinc
393 1957 490 2007 nature
505 1952 627 2006 humana
637 1951 780 2024 singularis
790 1957 819 2006 et
830 1967 942 2024 persona
952 1952 1072 2007 humane
1083 1969 1138 2006 non
1148 1955 1214 2006 sunt
1224 1950 1306 2019 idem,

205 2039 259 2092 nisi
278 2039 387 2110 quando
405 2043 502 2094 nature
521 2039 571 2093 illa
589 2037 734 2110 singularis
754 2038 807 2094 sibi
826 2038 988 2110 relinquitur
1005 2038 1046 2093 ita
1063 2042 1097 2092 ut
1113 2038 1171 2092 eius
1188 2036 1307 2109 comple-

207 2130 330 2180 mentum
340 2125 517 2180 intrinsecum
529 2126 566 2180 sit
576 2125 723 2180 ultimum:
741 2125 842 2181 sivero
853 2124 955 2180 Divina
966 2125 1084 2179 Persona
1098 2129 1223 2178 naturam
1236 2123 1307 2178 hene

206 2210 354 2264 humanam
365 2218 491 2280 assumat,
503 2210 648 2266 habebitur
657 2210 688 2265 in
698 2210 751 2265 hac
767 2215 864 2265 natura
876 2209 991 2266 ulterius
1005 2209 1241 2282 complementum,
1254 2208 1308 2263 eoi·

205 2296 271 2351 licet
287 2296 381 2352 divina
397 2297 589 2369 personalitas:
608 2301 637 2352 et
652 2297 706 2352 hoc
721 2297 780 2369 ipso
797 2295 1025 2368 complementum
1041 2296 1165 2352 naturale
1182 2313 1237 2350 non
1255 2295 1308 2350 erit

207 2383 351 2438 ultimum:
370 2401 452 2456 quare
469 2389 565 2438 natura
580 2383 628 2438 ille
645 2401 700 2439 non
712 2383 764 2437 erit
775 2400 823 2455 per
833 2399 863 2438 se
874 2382 978 2438 ratione
989 2381 1032 2436 sui
1043 2381 1234 2455 complemenli
1245 2399 1308 2455 pro·

206 2469 266 2542 prii,
280 2471 328 2524 sed
338 2469 442 2526 ratione
454 2468 646 2541 complementi
658 2468 831 2541 superadditi,
844 2467 917 2540 qu'od
928 2467 1009 2524 faciet
1025 2467 1103 2524 illam
1119 2473 1243 2524 usturam
1260 2483 1309 2541 per

207 2557 328 2614 divinam
339 2556 558 2628 personalitatem
569 2554 714 2610 subsistere
727 2554 815 2627 (obtul).

241 2645 283 2698 55.
302 2643 400 2698 Posset
410 2642 509 2714 aliquis
521 2641 644 2697 dubitare
655 2645 749 2695 utrum
759 2641 846 2695 forme
855 2640 1030 2696 accidentalis
1041 2659 1101 2712 quse
1116 2641 1229 2696 advenit
1245 2657 1307 2713 per·

207 2747 289 2798 sonae,
307 2734 414 2801 atquae
432 2728 540 2784 videtur
556 2727 620 2782 dare
637 2727 679 2782 illi
697 2726 807 2798 aliquod
830 2727 943 2782 ulterius
964 2727 1200 2800 complementum,
1218 2731 1309 2782 mutet

207 2816 265 2870 cius
280 2815 514 2888 personalitatem
532 2814 667 2886 siquidem
682 2815 803 2868 adium
814 2813 937 2869 accidens
948 2814 1022 2886 quod
1033 2819 1075 2870 est
1085 2814 1115 2868 in
1126 2831 1246 2887 persona,
1260 2814 1308 2868 dat

207 2904 328 2956 abimum
345 2902 589 2973 complementum:
607 2901 765 2973 praesertim,
782 2917 867 2974 quum
883 2900 913 2955 in
930 2906 1004 2956 statu
1018 2901 1131 2974 physico
1143 2902 1230 2956 omnis
1242 2901 1307 2957 sub·
1327 2945 1333 2982 3

208 2987 308 3044 stantia
323 2993 413 3043 creata
428 2987 549 3058 indigeat
563 2987 655 3059 aliquo
674 2987 812 3044 accidente
827 2987 1041 3042 indeterminate.
1078 2988 1307 3061 Respondendum

208 3081 257 3144 est,
267 3074 486 3148 personalitatem
498 3073 586 3146 ipsam
595 3091 709 3144 manere,
722 3079 751 3129 et
759 3075 884 3146 confieri
892 3074 981 3145 ubam,
991 3074 1039 3130 sed
1047 3075 1123 3130 aliter
1131 3093 1157 3130 se
1165 3077 1305 3130 habentem.

206 3163 291 3218 Ratio
303 3166 344 3216 cst
356 3161 420 3233 quie
432 3162 642 3233 unumquodque
653 3166 746 3216 causat
756 3167 837 3234 prout
848 3166 890 3216 est
901 3161 931 3216 in
942 3166 1021 3216 ectu:
1040 3161 1088 3216 sed
1099 3162 1222 3217 accidens
1235 3163 1308 3234 quod

206 3249 335 3322 recipitur
349 3248 379 3304 in
395 3248 546 3304 substantie
561 3265 615 3302 non
633 3247 716 3302 estin
728 3252 791 3302 ectu
802 3253 833 3302 ut
844 3266 943 3304 novum
956 3267 1012 3318 ens,
1024 3250 1072 3304 sed
1082 3254 1115 3302 ut
1126 3268 1178 3304 carc
1189 3251 1307 3303 octateu-

206 3337 251 3390 rioe
261 3337 297 3390 sic
308 3355 334 3390 ac
345 3337 474 3390 mane:
494 3352 557 3406 ergo
569 3351 623 3388 non
635 3333 719 3388 habet
730 3351 833 3388 novum
848 3334 995 3390 terminum
1010 3335 1156 3408 proprium,
1169 3340 1198 3390 et
1211 3335 1309 3406 nequit

206 3423 357 3496 conspirare
368 3423 399 3478 in
410 3439 495 3477 unum
506 3439 609 3476 novum
621 3420 857 3492 complementum,
871 3422 919 3476 sed
929 3421 1013 3476 hebet
1023 3440 1071 3494 pro
1085 3422 1201 3476 termino
1217 3421 1308 3493 ipsum

206 3510 352 3566 terminum
369 3509 536 3578 substantias,
548 3525 630 3580 quem
647 3507 714 3562 facit
730 3507 768 3562 cic
782 3525 809 3561 ec
819 3508 920 3576 babere,
932 3514 960 3562 et
971 3508 1037 3563 iacit
1048 3514 1081 3562 ut
1092 3513 1168 3563 ectus
1181 3508 1309 3563 substen-

205 3595 279 3650 tialis
290 3614 354 3650 curn
365 3595 481 3650 termino
493 3595 529 3648 ric
540 3613 566 3648 ce
578 3594 685 3647 labente
695 3592 851 3664 conspirans
867 3592 967 3648 habeat
984 3594 1212 3665 complementum
1228 3594 1265 3648 ee'c
1282 3612 1309 3648 ee

206 3683 307 3736 habuc.
344 3681 428 3735 Nulla
444 3697 507 3752 ergo
524 3680 623 3734 entitas
640 3676 826 3734 substantialis
838 3679 980 3746 evanescit,
993 3680 1041 3734 sed
1052 3685 1160 3734 tantum
1170 3679 1268 3752 incipit
1280 3697 1308 3734 se

206 3768 304 3822 habere
316 3767 402 3821 aliter.
437 3767 476 3820 Et
488 3769 680 3838 consequenter
691 3764 868 3836 personalitas
879 3771 970 3820 manet
982 3766 1076 3820 eedem
1088 3783 1148 3838 quae
1164 3766 1247 3839 prius,
1260 3768 1310 3823 sed

206 3855 286 3910 aliter
297 3872 326 3908 se
336 3852 438 3908 habens
456 3851 665 3920 accidentaliter,
677 3868 763 3923 quum
773 3851 887 3906 resultet
897 3869 932 3906 ex
943 3851 1040 3907 iisdem
1053 3852 1131 3907 aliter
1142 3870 1171 3906 ss
1182 3851 1309 3908 habenti-

206 3940 264 3996 bus.

242 4026 344 4080 Contra
355 4025 384 4092 ii,
395 4023 441 4097 qui
453 4023 582 4078 maiorem
592 4023 744 4079 realitatem
755 4023 939 4079 accidentibus
948 4023 1064 4079 tribuere
1074 4025 1170 4094 solent,
1180 4024 1310 4080 videntur

208 4111 269 4185 cogi
281 4111 316 4167 ad
331 4111 485 4180 dicendum,
498 4111 571 4182 quod
588 4110 712 4166 accidens
727 4110 827 4166 habeat
842 4110 925 4165 etiem
940 4128 1019 4165 suum
1030 4112 1170 4182 propriam
1188 4113 1308 4185 comple-

206 4205 345 4269 mentum,
371 4215 448 4254 secus
465 4197 538 4253 enim
555 4215 610 4252 non
626 4197 737 4254 haberet
754 4197 897 4252 entitatem
914 4198 1018 4251 realiter
1035 4197 1192 4254 distinctam
1209 4217 1226 4253 e
1243 4199 1308 4254 sub-

206 4286 308 4366 stantia
318 4286 348 4340 in
359 4301 439 4340 sensu
451 4283 486 4339 ab
497 4283 563 4357 ipsis
574 4283 687 4340 intente.
713 4283 790 4338 'l'unc
802 4287 894 4338 autem
905 4283 1029 4338 accidens
1040 4283 1097 4338 sine
1109 4284 1192 4340 dubio
1203 4284 1309 4341 afferret

207 4372 364 4429 substantias
382 4389 485 4427 novum
499 4371 742 4444 complementum:
762 4375 791 4426 et
802 4370 910 4426 videtur
921 4370 994 4443 quod
1005 4371 1233 4444 complementum
1245 4372 1310 4426 eub-
