3222 4984
271 349 335 410 158
583 366 626 410 nr
638 365 786 414 -acrrouu
802 366 861 410 nur
877 366 915 409 ru
932 365 1062 410 murno.
1228 343 1316 430 [cnr.
1333 365 1372 409 ιι.

312 528 471 594 Habemus
500 527 597 612 igitur
625 529 658 593 in
689 529 771 594 dicta
800 530 950 594 transitus
975 531 1197 594 sustentatione
1223 529 1373 615 quidquid

267 641 431 727 requiritur
446 640 485 704 ad
499 661 683 705 coneursum
699 641 908 705 immediatum
921 641 1050 706 duarum
1062 664 1221 706 causarum
1231 641 1371 706 totalium

267 750 301 815 in
323 773 422 815 uuum
445 772 574 815 numero
596 751 748 816 effectum.
794 751 884 815 Patet
906 759 1008 815 autem
1033 751 1115 836 quod
1134 751 1212 815 nihil
1227 751 1310 815 aliud
1325 751 1373 816 in-

269 861 352 926 cludi
373 870 474 946 potest
494 861 527 925 iu
545 862 662 926 ratione
682 861 786 927 stricte
810 861 884 926 dicti
907 884 1072 927 concursus
1083 887 1093 941 3
1116 861 1265 947 quidquid
1289 862 1371 926 euim

268 973 352 1038 uliud
378 973 567 1058 cogitaveris,
594 973 670 1062 illud
694 974 742 1038 vel
765 975 929 1059 recipietur
954 974 987 1037 in
1011 982 1131 1058 agente,
1146 974 1194 1039 vel
1219 996 1292 1039 non.
1338 975 1372 1038 Si

268 1085 403 1171 primum
414 1111 424 1165 ;
446 1107 519 1170 ergo
543 1085 600 1150 hoe
626 1085 709 1149 aliud
740 1085 954 1149 terminabitur
977 1084 1015 1149 ad
1038 1107 1141 1169 agens,
1159 1106 1223 1149 non
1240 1107 1309 1150 vero
1332 1085 1372 1149 ad

269 1197 413 1262 effectum
438 1197 696 1282 subsequentem
730 1205 760 1260 et
784 1195 978 1261 resultabunt
1003 1197 1106 1260 omnia
1128 1196 1372 1261 inconvenientia

269 1331 361 1392 supra
385 1316 517 1372 ostensa.
563 1308 597 1372 Si
623 1307 789 1372 secundum
800 1333 809 1386 ;
844 1316 919 1398 tunc
944 1306 1131 1392 impossibile
1156 1315 1202 1371 est
1227 1307 1368 1372 effectum

268 1440 334 1482 esse
348 1441 477 1485 numero
486 1419 640 1484 eumdem.
686 1419 792 1496 Quum
807 1419 937 1483 enim'in
953 1418 1009 1483 hac
1024 1418 1186 1504 hypothesi
1200 1418 1371 1484 habeantur

270 1529 332 1594 duo
358 1530 495 1596 distincti
518 1540 604 1596 actus
627 1529 783 1608 causativi,
813 1530 980 1594 necessario
1009 1529 1204 1594 habebuntur
1232 1529 1280 1594 vel
1309 1529 1371 1594 duo

270 1640 406 1705 distincti
427 1642 563 1722 effectus,
578 1641 626 1706 vel
649 1665 729 1706 unus
751 1641 877 1706 effectus
900 1641 1020 1705 duobus
1041 1641 1234 1725 aequivalens,
1258 1663 1313 1706 seu
1334 1664 1371 1705 ex

270 1750 390 1815 duobus
412 1751 574 1832 resultans,
597 1752 675 1816 sicut
697 1751 731 1815 in
753 1761 840 1815 motu
862 1773 969 1815 currus
991 1773 1045 1835 per
1067 1751 1216 1815 actionem
1239 1750 1370 1815 duorum

270 1884 436 1947 equorum:
460 1871 491 1926 et
506 1871 615 1927 neutra
630 1884 720 1927 causa
734 1863 792 1926 erit
806 1862 919 1942 totalis,
931 1863 986 1926 sed
999 1884 1189 1947 unaquaeque
1203 1861 1371 1947 partialiter

271 1973 408 2037 causabit
437 1973 596 2038 effectum:
633 1983 665 2037 et
693 1981 838 2058 praeterea
867 1996 928 2038 uon
962 1972 1126 2038 haberetur
1163 1973 1371 2038 subordinatis

269 2085 398 2150 actionis
420 2094 564 2150 creaturae
585 2085 697 2149 actioni
719 2085 839 2150 divinae.
882 2083 933 2148 Ad
954 2084 1130 2149 habendum
1153 2093 1255 2148 autem
1271 2106 1368 2149 unum

269 2219 397 2262 numero
408 2197 549 2261 effectum
566 2198 729 2261 immediate
743 2196 957 2281 procedentem
972 2218 1008 2260 ex
1022 2195 1141 2260 duabus
1156 2195 1254 2260 causis
1269 2197 1369 2260 totali-

270 2309 332 2387 bus,
347 2330 469 2372 necesse
491 2317 537 2372 est
558 2316 594 2372 ut
613 2309 756 2373 menotio
771 2310 858 2372 onina
871 2329 964 2371 eousoe
977 2309 1137 2392 recipiatur
1151 2308 1183 2370 io
1196 2306 1257 2370 olio
1272 2329 1370 2386 cauco,

270 2423 414 2483 menotio
429 2422 516 2484 unius
530 2443 623 2484 raosoe
637 2421 823 2484 siraconum
837 2421 874 2483 ab
893 2420 1006 2484 ceticae
1023 2419 1162 2482 alterius:
1185 2425 1277 2501 atque
1298 2417 1371 2482 hinc

271 2553 393 2595 necesse
408 2539 455 2596 est
474 2540 509 2594 ut
527 2533 678 2615 utriusque
698 2553 791 2594 enasae
807 2554 866 2595 una
886 2532 926 2594 eit
947 2532 1024 2595 aetio
1037 2532 1174 2615 physica,
1190 2529 1270 2594 sicut
1289 2552 1372 2594 unus

271 2642 362 2707 debet
384 2665 449 2706 esse
471 2642 607 2706 effeetus.
651 2641 749 2726 Atqui
771 2641 878 2726 nequit
901 2642 1062 2726 utriusque
1088 2663 1186 2706 causae
1213 2663 1276 2705 uua
1305 2663 1371 2706 esse

270 2754 359 2834 actio,
375 2753 436 2818 nisi
455 2753 487 2818 in
511 2762 661 2839 quantum
682 2775 775 2836 agens
796 2751 924 2817 inferius
939 2753 971 2816 in
986 2752 1118 2817 transitu
1132 2752 1170 2816 ab
1185 2761 1257 2816 actu
1271 2753 1370 2836 primo

270 2865 309 2929 ad
335 2865 503 2930 secuudum
526 2865 619 2929 habet
644 2865 806 2930 efficaciam
830 2865 887 2928 sub
913 2864 1033 2928 influxu
1056 2863 1220 2949 superioris
1239 2865 1369 2948 agentis.

269 2976 353 3060 Ergo
376 2997 540 3040 concursus
563 2975 684 3060 proprie
707 2975 846 3041 consistit
863 2975 896 3040 in
916 2984 1066 3061 actuque
1085 2997 1180 3060 agens
1201 2975 1369 3040 iuratione

269 3087 388 3170 agentis
404 3095 594 3151 sustentatur
609 3087 682 3151 dum
699 3086 773 3170 agit.

313 3196 416 3273 Quare
441 3218 606 3262 concursus
633 3197 753 3262 definiri
770 3203 871 3282 potest
890 3204 985 3276 actua
1006 3217 1068 3282 quo
1086 3196 1174 3260 Deus
1193 3195 1247 3261 dat
1266 3197 1370 3280 agenti

269 3329 334 3372 ease
348 3307 381 3372 in
396 3307 530 3372 transitu
544 3308 583 3372 ab
598 3317 667 3372 actu
683 3307 782 3393 primo
797 3307 837 3373 ad
851 3307 1030 3386 seeundum,
1045 3307 1185 3371 insensu
1200 3307 1357 3391 explicato.

313 3421 364 3484 17.
389 3417 545 3495 Quaeritur
574 3419 714 3504 septimo,
741 3419 814 3503 quid
834 3420 951 3483 intersit
975 3421 1053 3482 inter
1077 3421 1320 3484 consecutionem
1341 3428 1371 3484 et

268 3553 436 3594 coneursum
451 3531 590 3597 divinum.
796 3521 798 3526 ’

311 3642 503 3726 Respondeo,
520 3641 606 3727 sequi
624 3664 660 3706 ex
679 3639 779 3721 dictis,
794 3641 878 3705 hunc
898 3640 936 3705 ab
952 3639 1004 3704 illa
1019 3639 1140 3704 differre
1154 3660 1217 3704 uon
1233 3651 1370 3724 exparte

266 3752 336 3832 Dei,
353 3753 407 3816 sed
428 3775 463 3815 ex
486 3759 571 3836 parte
593 3751 828 3829 terminationis,
844 3750 876 3814 id
898 3759 954 3831 est,
970 3773 1036 3814 esse
1057 3750 1139 3814 idem
1162 3749 1368 3829 materialiter,

266 3865 320 3928 sed
334 3865 417 3929 aliud
432 3864 599 3928 formaliter
607 3887 618 3941 3
641 3886 737 3948 quum
752 3862 854 3927 omnis
868 3862 947 3926 actio
962 3861 1089 3946 accipiat
1105 3883 1192 3925 suam
1209 3860 1368 3925 formalem

246 3975 543 4066 'denominationem
569 3998 587 4039 a
610 3974 752 4038 termino.
798 3972 995 4038 Conservatio
1020 3973 1103 4038 euim
1126 3973 1308 4037 terminatur
1329 3973 1369 4036 ad

265 4107 330 4150 esse
347 4087 491 4150 creaturae
505 4093 539 4150 at
554 4087 681 4149 eristen
695 4084 728 4149 in
741 4083 907 4148 successiva
919 4084 1099 4149 duratione:
1123 4106 1288 4149 concursus
1299 4089 1371 4148 vero

265 4197 447 4260 terminatur
469 4196 508 4260 ad
530 4219 595 4260 esse
617 4204 761 4260 ereaturae
783 4204 818 4260 ut
840 4204 963 4260 aetuans
977 4217 1048 4260 curn
1062 4218 1098 4260 eo
1113 4203 1215 4259 actum
1231 4193 1369 4259 acciden-

264 4307 375 4370 talem:
406 4308 449 4371 ita
478 4316 514 4370 ut
536 4306 619 4392 quod
643 4306 781 4391 sequitur
802 4307 1062 4372 conservationem
1086 4306 1125 4370 sit
1148 4307 1369 4390 perseverantia
1472 4317 1475 4321 '
