3240 4986
263 317 326 382 142
571 336 613 382 nn
629 334 773 381 serrone
790 334 849 378 aar
867 333 904 378 sn
922 333 1053 379 murno.
1241 311 1327 397 [cnr.
1343 331 1368 375 1.

206 577 211 588 ¹
263 498 347 587 qnod
372 507 419 565 est
444 499 575 566 falsum:
598 521 662 564 non
684 497 888 578 accidentalis,
909 497 982 583 quia
1004 493 1143 560 accidens
1165 515 1229 558 non
1254 492 1368 558 intelli·

263 611 357 696 gitur,
372 611 433 676 nisi
454 611 554 695 posite
573 610 745 675 substantia
764 609 852 674 cuius
873 615 920 673 est
937 606 1096 672 accidens:
1118 627 1182 670 non
1199 627 1272 688 ergo
1294 627 1366 670 con-

263 730 361 788 servat
382 722 564 802 subiectum,
579 721 633 787 sed
654 728 866 786 conservatum
887 717 1044 804 supponit.
1089 717 1163 782 Non
1182 739 1255 802 ergo
1273 716 1367 782 habet

263 841 401 900 creatura
415 833 570 913 virtutem,
586 854 647 918 qua
661 831 792 917 seipsam
807 836 972 895 conservet.

205 931 208 936 ¹
306 947 339 1010 3.
363 942 515 1020 Quseritcr
536 942 680 1024 secundo,
695 965 735 1008 cn
753 942 933 1007 conservatio
954 941 994 1005 eit
1007 961 1088 1024 puro
1106 939 1224 1024 nepotio
1243 939 1367 1003 notionis

264 1055 468 1120 annihilantis.

308 1164 491 1252 Respondeo
502 1163 654 1252 negative.
684 1163 768 1229 Nam
780 1165 814 1228 1ο
824 1181 1013 1249 perseverare
1023 1160 1057 1226 in
1068 1183 1134 1228 esse
1143 1161 1216 1228 dicit
1225 1161 1366 1228 effectum

264 1276 447 1364 positivum,
471 1298 544 1360 ergo
566 1275 660 1361 exigit
680 1274 843 1362 positivam
864 1296 998 1339 cansam.
1042 1272 1241 1359 Consequens
1263 1282 1365 1359 patet:

264 1396 295 1452 et
317 1387 465 1472 probatur
478 1386 680 1467 antecedens3
702 1408 775 1452 nam
797 1372 1021 1471 perseverantia
1041 1383 1075 1448 in
1092 1407 1157 1450 esse
1178 1383 1299 1450 realiter
1319 1394 1366 1449 est

264 1499 368 1584 ipsum
382 1520 448 1562 esse
469 1519 673 1583 perseverans.
718 1495 753 1563 2⁰
769 1495 832 1573 Qui
852 1496 1028 1581 concipiunt
1050 1497 1309 1562 conservationem
1331 1504 1368 1562 ut

264 1633 375 1697 puram
389 1609 617 1675 annihilationis
631 1609 838 1694 negationem,
854 1609 1007 1693 occipiunt
1021 1607 1272 1673 annihilationem
1287 1616 1367 1672 tem-

266 1743 359 1807 quem
374 1728 476 1785 actum
488 1719 671 1807 positivum:
695 1718 749 1784 sed
762 1719 821 1784 hoc
830 1725 876 1783 est
885 1718 1053 1784 absurdum
1061 1744 1071 1798 3
1092 1740 1166 1802 ergo
1181 1719 1367 1784 conservatio

264 1853 329 1896 non
343 1839 390 1897 est
411 1854 489 1918 pura
502 1830 732 1896 annihilationis
751 1830 886 1915 negatio.
931 1830 1037 1895 Minor
1051 1837 1136 1916 patet
1144 1856 1155 1910 ς
1178 1830 1250 1916 quia
1267 1832 1367 1897 omnis

256 1950 351 2008 actus
364 1941 513 2028 positivus
527 1941 621 2006 habet
634 1941 803 2006 terminum
817 1939 992 2025 positivum,
1002 1949 1033 2006 et
1046 1940 1133 2006 nulla
1145 1941 1275 2027 positiva
1289 1943 1368 2008 actio

263 2052 447 2118 terminatur
469 2053 509 2118 ad
530 2052 620 2118 nihil.
663 2053 746 2138 Ergo
769 2051 950 2117 annihilatio
973 2073 1036 2116 non
1057 2060 1106 2118 est
1125 2052 1257 2138 positiva
1278 2053 1367 2119 actio.

265 2165 411 2250 Sequitur
432 2187 516 2249 ergo,
535 2164 619 2254 quod
638 2163 819 2230 annihilatio
841 2164 881 2228 sit
900 2163 1028 2229 cessatio
1050 2172 1137 2230 actm
1158 2164 1290 2250 positivi,
1305 2187 1367 2251 quo

263 2299 312 2340 rea
327 2285 531 2342 conservatur.
574 2275 659 2361 llrgo
674 2274 824 2364 quidquid
838 2283 1009 2360 perseverat
1026 2275 1060 2340 in
1074 2297 1140 2341 csse
1153 2283 1225 2341 actu
1238 2277 1367 2362 positivo

265 2396 469 2454 conservatur.

308 2503 409 2566 Dices.
433 2500 522 2586 Opus
542 2499 702 2566 artissibi
725 2499 903 2565 derelictum
926 2508 1085 2566 conservat
1103 2523 1145 2582 se,
1164 2501 1239 2587 quin
1259 2501 1367 2568 artifex

264 2612 344 2678 illud
358 2613 486 2698 positive
501 2618 667 2678 conservet.
704 2611 788 2696 Ergo
802 2619 833 2675 et
848 2617 1000 2676 creaturae.
1040 2611 1134 2677 Secns
1148 2611 1273 2677 effectus
1293 2613 1367 2678 artis

264 2724 427 2808 perfectior
441 2731 521 2788 esset
535 2746 628 2810 quam
643 2723 769 2788 effectus
784 2723 953 2802 creationis,
968 2722 1051 2809 quod
1066 2731 1228 2808 repugnat.

310 2833 491 2920 Respondeo
520 2858 599 2899 conc.
618 2842 680 2899 ant.
703 2857 733 2898 n.
758 2856 836 2898 cons.
859 2841 892 2897 et
920 2833 1094 2918 paritatem.
1148 2833 1230 2898 Nam
1259 2833 1367 2899 antifer

264 2945 384 3031 proprie
406 2945 484 3009 nihil
499 2945 571 3010 novi
587 2943 738 3030 producit,
752 2943 813 3008 nisi
827 2952 930 3008 motus
944 2943 1093 3028 quosdam
1114 2945 1148 3010 in
1162 2944 1298 3024 materie,
1313 2967 1367 3029 per

264 3080 341 3144 quos
355 3059 443 3143 ponit
454 3059 537 3123 vires*
546 3057 716 3121 materiales
730 3057 764 3122 in
778 3057 865 3122 nous
876 3056 1028 3122 adiunctis
1042 3057 1076 3122 in
1087 3057 1193 3122 ordine
1208 3058 1247 3123 ed
1262 3081 1367 3123 earum

263 3171 450 3236 exercitione
505 3169 565 3250 Sic,
586 3169 661 3240 dum
681 3169 717 3234 fit
740 3169 858 3250 domus,
878 3171 956 3236 vires
975 3169 1109 3236 materiae
1133 3178 1312 3236 statuuntur
1333 3172 1366 3235 in

265 3281 320 3346 tali
335 3281 490 3361 relatione,
505 3288 542 3345 nt
557 3303 590 3346 se
603 3287 713 3346 mutuo
730 3281 940 3366 aequihbrent:
962 3289 994 3346 et
1008 3281 1116 3366 positis
1131 3281 1241 3346 debitis
1255 3283 1294 3347 ad
1309 3283 1367 3348 hoc

265 3391 502 3472 conditionibus,
525 3400 591 3456 tota
617 3391 727 3456 domus
756 3391 820 3456 suis
842 3391 956 3456 viribus
982 3391 1188 3458 materialibus
1214 3392 1302 3479 (quas
1328 3394 1367 3458 ab

264 3503 378 3568 artifice
395 3525 459 3567 non
481 3503 608 3587 accepit)
625 3502 762 3568 continet
784 3502 915 3586 seipsam
937 3502 1143 3569 coniunctam.
1189 3503 1250 3569 Sed
1269 3504 1366 3586 Deus,

264 3614 339 3679 dum
362 3622 453 3695 creet,
468 3637 532 3679 non
551 3615 652 3680 solum
675 3614 763 3700 ponit
782 3613 972 3680 conditiones
994 3613 1026 3678 in
1050 3613 1163 3699 quibus
1184 3615 1262 3679 vires
1285 3639 1368 3681 exer-

263 3734 399 3806 ceantur,
414 3725 468 3790 sed
485 3725 566 3811 ipsas
587 3725 676 3804 vires,
693 3747 747 3789 seu
768 3724 850 3809 ipsas
871 3733 997 3790 naturas
1018 3747 1132 3790 rerum.
1181 3726 1274 3807 Hinc,
1296 3727 1368 3793 licet

265 3835 423 3921 dispositio
442 3836 523 3901 facte
544 3835 583 3901 ab
604 3835 719 3902 artifice
740 3857 804 3900 non
824 3835 962 3921 indigeat
986 3837 1099 3902 servari
1118 3836 1159 3903 ab
1180 3837 1304 3919 artifice,
1319 3861 1369 3904 res
1394 3911 1398 3920 Δ

263 3947 418 4032 dispositae
445 3945 586 4032 indigent
617 3946 786 4012 conservari
815 3947 937 4026 aDeo,
961 3955 998 4013 nt
1025 3969 1080 4032 per
1108 3949 1367 4014 conservationem

264 4082 366 4123 rerum
389 4058 604 4143 dispositarum
626 4066 821 4124 conservetur
842 4080 920 4144 opus
942 4058 1026 4124 artis.
1069 4059 1121 4124 Ad
1142 4059 1290 4126 rationem
1313 4062 1366 4126 ad·

265 4171 361 4236 ditem
376 4194 405 4235 n.
421 4179 496 4250 ont,
511 4170 584 4256 quia
597 4170 723 4236 effectus
745 4171 819 4236 artis
834 4179 881 4236 est
902 4193 981 4255 pura
994 4171 1153 4256 dispositio
1174 4171 1368 4239 accidentalis

263 4283 414 4362 materiae:
429 4282 512 4348 dum
529 4283 655 4348 effectus
669 4282 830 4350 creationis
846 4292 893 4350 est
908 4283 1089 4350 substantia.
