3240 4986
262 357 327 419 110
748 379 790 422 na
808 379 938 424 murno.
1224 361 1308 444 [oar.
1326 379 1364 423 11.

260 565 308 608 res
330 551 431 609 creata
451 551 499 610 est
521 543 559 609 ab
581 553 704 611 aeterno.
748 545 790 611 at
811 546 870 612 hoc
899 555 1115 632 argumentum
1145 547 1221 612 mihi
1242 547 1364 613 videtur

205 699 208 706 =
259 655 351 741 plane
365 656 518 721 sufficiens
531 665 563 722 et
577 656 748 724 insolubile.
794 659 873 724 Vide
888 659 926 724 de
939 660 1039 725 tribus
1053 659 1208 724 continuis
1222 682 1255 724 n.
1269 663 1323 724 45.

304 767 365 832 Sed
384 769 479 853 quari
495 777 607 853 potest,
622 778 728 834 utrum
745 771 879 855 potuerit
900 771 1035 838 mundus
1057 793 1123 836 esse
1142 771 1181 835 ab
1198 778 1312 836 aterno
1326 771 1358 834 in

261 879 320 944 hoc
340 901 442 960 sensu,
459 881 543 965 quod
562 881 647 946 omni
666 891 810 948 creatura
826 881 1022 966 praeextiterit
1041 882 1100 947 alia
1121 890 1267 963 creatura,
1285 882 1361 968 quin

261 1013 408 1077 umquam
423 992 636 1076 perveniamus
649 993 689 1058 ad
703 992 834 1078 primam
848 1002 1028 1059 creaturam.
1072 995 1175 1060 Etiam
1192 994 1265 1059 huic
1279 1017 1360 1080 quae·

259 1102 353 1167 stioni
374 1105 516 1188 negative
537 1103 783 1190 respondendum
806 1113 862 1170 est.
908 1105 982 1170 Non
1004 1116 1107 1171 tamen
1122 1106 1265 1172 videntur
1287 1106 1360 1170 satis

260 1215 394 1280 efficaces
415 1215 547 1280 rationes
569 1239 638 1301 quae
659 1216 699 1281 ad
721 1237 786 1280 rem
808 1216 1029 1282 ostendendam
1051 1240 1070 1282 a
1094 1217 1235 1302 pluribus
1264 1217 1360 1283 addu-

259 1335 393 1392 cuntur:
416 1335 489 1391 sunt
512 1336 615 1392 autem
637 1336 819 1413 sequentes:
844 1331 877 1392 10
898 1329 970 1414 quia
992 1330 1019 1392 si
1040 1328 1132 1394 series
1154 1339 1359 1394 creaturarum

260 1447 375 1504 careret
389 1439 478 1503 initio
492 1441 648 1524 temporis,
663 1440 725 1505 iam
740 1449 811 1505 actu
832 1439 946 1505 infiniti
967 1440 1032 1506 dies
1051 1441 1258 1520 exstitissent3
1281 1441 1362 1505 mui-

258 1554 361 1619 titudo
376 1576 446 1620 vero
468 1554 589 1620 infinita
611 1557 848 1622 successivornm
865 1564 1037 1641 repugnat:
1061 1559 1096 1622 2⁰
1110 1557 1183 1642 quia
1196 1564 1275 1621 esset
1290 1563 1361 1620 actu

260 1665 382 1730 infinita
395 1665 563 1732 multitudo
578 1676 806 1733 creaturarum:
828 1669 864 1732 3⁰
885 1667 958 1753 quia
968 1666 1131 1732 haberetur
1141 1669 1280 1753 quaedam
1292 1690 1360 1733 suc·

148 1833 153 1842 .
259 1777 366 1856 cessio,
383 1777 416 1842 in
438 1800 499 1863 qua
520 1777 624 1862 plures
643 1786 746 1844 essent
767 1778 892 1844 termini
911 1788 1140 1866 consequentes,
1161 1802 1253 1865 quam
1275 1780 1366 1862 ante-'¹

177 1909 182 1928 ¹
257 1889 419 1956 cedentes:
442 1893 478 1954 4⁰
492 1889 565 1974 quia
578 1889 735 1954 infinitum
751 1889 874 1956 deberet
884 1891 1045 1956 admittere
1059 1891 1359 1976 augmentationem:

259 2002 294 2064 5⁰
311 1999 383 2085 quia
399 1999 562 2064 haberetur
584 1999 741 2065 infinitum
763 2000 885 2066 infinito
905 2000 1003 2066 maius
1014 2027 1025 2081 3
1054 2001 1090 2064 6⁰
1111 2002 1183 2086 quia
1200 2001 1360 2066 tolleretur

258 2111 422 2177 discrimen
444 2113 525 2176 inter
546 2112 730 2177 creationem
752 2121 784 2178 et
806 2112 1063 2178 conservationem
1086 2135 1209 2180 rerum:
1232 2116 1266 2182 70
1288 2114 1361 2198 quia

258 2223 406 2289 transitus
427 2223 575 2308 temporis
596 2246 660 2289 non
680 2225 767 2290 fieret
788 2225 827 2290 ab
849 2233 984 2291 extremo
1002 2225 1042 2290 ad
1055 2221 1234 2290 extremum.
1281 2224 1359 2290 Vide

257 2335 424 2421 Tongiorgi
438 2334 572 2402 Oosmol.
587 2358 618 2402 n.
634 2337 799 2402 284-296.

303 2448 362 2513 Ha
381 2448 523 2527 rationes,
538 2449 623 2513 iuxta
643 2471 703 2529 me,
719 2471 783 2513 non
800 2448 931 2533 probant
944 2447 978 2512 id
991 2447 1076 2534 quod
1090 2446 1271 2515 intenditur.
1315 2449 1357 2514 nt

257 2559 356 2644 primo
384 2560 471 2625 nulla
499 2568 546 2625 est
574 2561 652 2625 ratio
675 2561 867 2640 convincens,
892 2567 1134 2645 propterquam
1156 2559 1270 2624 infiniti
1292 2559 1358 2624 dies

257 2671 396 2736 dicantur
405 2694 585 2757 repugnare,
595 2681 630 2736 ut
639 2672 808 2737 videbimus
817 2671 850 2735 in
861 2679 994 2736 tractatu
1003 2671 1040 2735 de
1049 2670 1180 2736 infinito.
1204 2671 1355 2752 Secundo,

256 2783 349 2849 etiam
366 2783 517 2848 infinitam
540 2783 768 2848 multitudinem
790 2792 862 2848 actu
883 2784 1114 2848 coexistentium
1133 2782 1167 2848 in
1185 2805 1217 2848 se
1231 2805 1295 2848 non
1309 2807 1355 2848 re-

255 2917 394 2979 pugnare
408 2894 603 2959 ostendemus
617 2895 651 2958 in
666 2895 770 2959 eodem
787 2901 929 2974 tractatu,
945 2894 993 2960 vel
1013 2895 1121 2960 saltem
1142 2917 1207 2960 nou
1228 2895 1354 2960 demon-

209 3086 210 3089 *
256 3006 346 3069 strari
367 3005 433 3068 eius
450 3005 694 3089 repugnantiam.
739 3006 852 3086 Terti0,
867 3006 951 3092 quod
965 3006 998 3070 in
1013 3005 1090 3070 serie
1104 3005 1225 3071 infinita
1238 3030 1257 3071 α
1265 3015 1356 3090 porte

253 3125 321 3182 ante
335 3115 505 3181 habeantur
516 3116 604 3201 plura
616 3117 842 3203 consequentia,
854 3141 946 3203 quam
959 3117 1170 3182 antecedentia
1180 3139 1242 3183 non
1254 3126 1354 3202 potest

253 3225 384 3306 ostendi,
396 3227 469 3311 quia
479 3226 660 3291 vocabulum
668 3229 761 3310 plura
772 3227 919 3312 supponit
930 3228 1186 3314 comparationem
1201 3236 1232 3293 et
1246 3251 1355 3293 numo-

254 3338 403 3403 rationem
414 3363 425 3417 3
459 3337 613 3402 infinitum
644 3347 747 3404 autem
772 3349 819 3404 est
842 3338 1099 3404 immensurabile.
1143 3340 1185 3404 nt
1211 3348 1355 3424 praeterea

255 3448 316 3514 duo
331 3449 460 3528 infinita,
476 3471 543 3534 quae
558 3448 699 3514 differant
714 3451 887 3535 quantitate
900 3450 998 3531 finita,
1014 3459 1088 3516 sunt
1102 3451 1237 3536 rigorose
1254 3475 1353 3538 aequa·

253 3559 303 3638 lia,
324 3569 360 3624 ut
380 3583 436 3626 suo
455 3561 521 3625 loco
543 3561 731 3641 ostendetur,
752 3584 849 3647 quum
868 3563 992 3626 finitum
1012 3571 1144 3647 nequeat
1165 3570 1285 3627 mutare
1305 3565 1352 3628 in-

253 3670 395 3737 finitum:
427 3680 458 3736 et
488 3671 532 3736 sic
557 3673 679 3737 infinita
702 3673 913 3738 antecedentia
938 3683 969 3738 et
993 3674 1114 3739 infinita
1137 3677 1353 3760 consequentia

253 3794 343 3848 erunt
360 3783 528 3848 necessario
548 3783 684 3869 aequalia.
730 3784 855 3861 Quartae
873 3794 903 3849 et
925 3785 1041 3870 quintae
1061 3785 1172 3851 rationi
1191 3787 1353 3872 responde·

252 3895 336 3960 bitur
352 3892 527 3977 plenissime
547 3895 580 3958 in
602 3903 736 3960 tractatu
756 3895 794 3961 de
808 3896 940 3961 infinito.
987 3897 1078 3962 Sexta
1092 3898 1213 3962 nullum
1229 3897 1353 3964 adducit

251 4004 476 4086 inconveniens,
498 4013 536 4070 ut
556 4005 634 4070 bene
655 4014 743 4071 notat
765 4007 876 4072 Suarea
894 4008 1048 4093 (Metaph.
1064 4008 1143 4094 disp.
1158 4031 1207 4075 xx.
1223 4018 1296 4076 sect.
1312 4011 1351 4077 vi.

250 4139 284 4180 n.
299 4118 376 4200 20)=
398 4116 527 4182 obiectio
542 4126 646 4182 tamen
660 4117 762 4182 locum
777 4141 840 4182 non
855 4119 991 4200 habebit,
1007 4120 1033 4184 si
1049 4144 1099 4185 res
1114 4130 1268 4206 ponantur
1283 4123 1352 4188 suc-

249 4229 362 4294 cessive
384 4229 487 4293 creari.
535 4229 672 4315 Septima
686 4230 835 4297 fundatur
856 4231 890 4295 in
907 4232 974 4310 hoc,
991 4233 1073 4319 quod
1088 4234 1189 4298 omnis
1203 4235 1351 4299 transitus

248 4340 282 4401 fit
298 4337 336 4401 ab
351 4347 485 4402 extremo
500 4339 538 4402 ad
554 4348 743 4418 extremum3
768 4341 820 4404 sed
837 4341 896 4404 hoc
918 4361 980 4405 non
1003 4351 1050 4406 est
1065 4365 1169 4408 verum
1192 4344 1252 4407 nisi
1274 4367 1350 4430 prae·

1599 140 1607 408 i
