3222 4984
229 380 298 425 osr.
315 360 386 446 na]
668 383 711 428 nu
727 383 892 429 rurrumo.
1266 367 1332 430 389

229 543 318 611 lineae
334 545 381 610 illi
403 554 583 612 transversa
602 571 670 634 qua
692 547 864 613 destinatur
880 546 920 613 ad
939 546 1143 612 claudendum
1165 547 1331 613 infinitum.

230 655 357 738 Contra,
373 657 399 722 si
421 680 482 744 qua
502 657 583 724 linea
605 667 776 724 transversa
797 659 985 744 concipiatur
1005 667 1041 723 ut
1058 658 1199 724 terminis
1220 659 1331 740 clausa,

228 769 417 856 probabitur,
432 793 499 835 eam
514 791 578 836 non
592 793 658 837 esse
672 771 713 836 ad
727 772 880 836 infinitam
895 771 1072 836 distantiam
1087 793 1124 836 ex
1144 771 1211 856 ipsa
1226 771 1330 836 adrer-

229 881 377 946 sariorum
398 883 616 968 suppositione.
662 884 743 948 Nam
766 883 890 948 termini
912 883 958 947 illi
979 892 1081 948 essent
1102 883 1331 948 intersectiones

227 1015 406 1061 communes
427 994 577 1060 Enearum
591 995 786 1081 angularium
809 1017 881 1060 cum
900 1001 1091 1060 transversa:
1114 1017 1211 1080 quum
1226 1003 1330 1059 autem

227 1105 314 1170 lineae
337 1105 499 1191 angulares
527 1107 660 1172 habeant
685 1107 810 1172 initium
833 1107 867 1171 in
890 1106 1000 1172 vertice
1030 1107 1146 1192 anguli,
1173 1106 1329 1191 assignato

226 1219 369 1298 termino,
384 1230 475 1285 erunt
496 1220 652 1286 evidenter
665 1220 778 1299 finitae3
800 1242 874 1304 ergo
888 1219 980 1284 tertia
997 1219 1079 1284 linea
1093 1241 1156 1284 non
1177 1229 1256 1284 esset
1272 1220 1331 1284 sita

227 1332 266 1397 ad
280 1331 432 1397 infinitam
447 1331 643 1398 distantiam:
666 1340 698 1397 et
712 1332 781 1397 ideo
794 1331 873 1397 nihil
888 1332 1012 1411 mirum,
1024 1331 1050 1395 si
1065 1353 1128 1396 non
1143 1332 1183 1396 sit
1197 1333 1327 1397 infinita.

225 1443 400 1508 Dicendum
415 1465 499 1528 ergo,
511 1442 594 1529 qnod
608 1442 699 1508 lineae
712 1442 875 1527 angulares
888 1437 1047 1527 noqueunt
1058 1442 1177 1527 eonoipi
1191 1442 1328 1522 infinita,

224 1554 285 1618 nisi
298 1563 430 1640 negetur
444 1555 519 1640 ipsis
536 1553 637 1619 omnis
651 1553 812 1633 terminus,
827 1553 860 1617 id
874 1561 921 1618 est
943 1553 1004 1616 nisi
1018 1560 1171 1618 statuatur
1183 1575 1248 1618 non
1262 1577 1328 1620 esse

224 1667 258 1731 iu
272 1666 333 1731 illis
348 1667 471 1752 aliquod
485 1673 636 1752 punctum
651 1663 844 1749 assignabile,
859 1686 895 1728 ex
909 1686 971 1750 qno
990 1663 1119 1729 dueatur
1133 1664 1213 1729 linea
1228 1673 1327 1730 trans·
1432 1690 1436 1698 ¹

223 1801 310 1845 versa
323 1779 453 1844 infinita.
481 1777 585 1856 Quare
595 1778 677 1842 linea
685 1777 738 1842 illa
751 1785 922 1842 transversa
932 1777 972 1842 ad
985 1776 1139 1842 infinitam
1149 1776 1328 1842 distantiam

223 1899 270 1955 est
291 1889 498 1976 impossibilis,
514 1890 603 1956 etsie
620 1889 755 1975 spatium
774 1889 813 1954 de
826 1911 889 1974 quo
908 1889 1021 1973 agitur,
1036 1910 1073 1953 ex
1091 1888 1144 1954 illa
1163 1900 1249 1974 parte
1263 1911 1327 1955 non

223 2003 282 2067 erit
296 2002 445 2068 clausum.

266 2117 408 2180 Instatis.
432 2114 467 2179 Si
486 2135 596 2199 oorpus
617 2111 696 2177 illud
717 2111 874 2176 infinitum
896 2110 1045 2191 existeret,
1063 2111 1189 2176 haberet
1206 2111 1328 2178 realiter

224 2225 335 2291 alieubi
358 2225 442 2290 illam
463 2224 657 2289 latitudinem
681 2231 884 2288 transversam
903 2222 1068 2287 infinitam.
1112 2223 1196 2308 Ergo
1214 2223 1326 2288 alieubi

222 2337 256 2402 in
279 2336 367 2402 lineis
392 2335 591 2422 angularibus
615 2335 746 2399 infinitis
771 2343 875 2399 essent
902 2342 1019 2420 puncta
1041 2333 1081 2399 ad
1103 2357 1172 2420 quae
1194 2334 1326 2400 latitudo

222 2450 344 2516 infinita
368 2449 595 2515 terminaretur.
639 2448 681 2512 Et
703 2456 780 2528 esto,
797 2447 870 2512 talia
891 2454 1007 2532 puncta
1028 2468 1092 2510 non
1113 2453 1215 2510 essent
1236 2445 1326 2510 nobis

221 2563 426 2649 assignabilia,
441 2570 543 2628 essent
557 2560 753 2646 assignabilia
766 2561 853 2640 De03
875 2569 1028 2645 repugnat
1046 2559 1129 2624 enim
1142 2560 1246 2624 Deum
1261 2581 1325 2624 non

222 2697 311 2760 posse
324 2675 480 2759 assignare
494 2674 597 2739 loonm
612 2674 656 2737 rei
670 2680 788 2737 oreatae.

266 2786 449 2872 Respondeo
473 2787 543 2851 dist.
563 2792 627 2850 aas.
650 2783 772 2864 alieubi,
794 2783 895 2848 idest
920 2783 954 2847 in
976 2781 1078 2867 aliquo
1101 2783 1153 2846 ubi
1174 2781 1324 2862 absoluto,

223 2920 249 2961 c.
264 2905 328 2961 out.
343 2895 465 2976 alicubi,
480 2895 514 2960 id
528 2904 574 2960 est
588 2895 622 2960 in
637 2895 739 2981 aliquo
757 2896 808 2959 ubi
822 2893 966 2960 referibili
978 2894 1019 2959 ad
1038 2893 1162 2958 initium
1176 2892 1325 2958 linearum

223 3010 418 3095 angularium
443 3008 501 3073 sub
525 3009 644 3074 ratione
672 3008 797 3074 termini
818 3015 971 3074 montet
989 3029 1068 3073 eoas.
1121 3006 1173 3072 Ad
1195 3007 1325 3072 alterum

221 3123 290 3186 dist.
303 3130 365 3187 ant.
375 3130 478 3186 essent
492 3120 688 3206 assignabilia
697 3121 765 3185 Deo
780 3120 949 3185 seeundum
963 3121 1014 3184 ubi
1028 3119 1204 3184 absolutum
1213 3143 1239 3184 e.
1249 3128 1324 3198 ant,

222 3233 391 3298 seeundum
405 3232 553 3319 aliquod
572 3232 683 3298 habeat
697 3231 853 3296 relativam
875 3231 1023 3296 rationem
1038 3230 1161 3296 termini
1174 3230 1322 3296 linearum

220 3344 415 3430 angularium
434 3367 465 3410 a.
481 3353 544 3410 out.
560 3353 590 3409 et
603 3365 681 3410 conr.
726 3343 777 3407 Ad
798 3343 939 3407 nltimam
955 3342 1103 3407 rationem
1123 3342 1229 3407 eadem
1244 3342 1324 3408 valet

220 3455 385 3521 distinctio.
435 3457 497 3522 Ubi
519 3454 695 3521 absolutum
717 3454 762 3518 rei
784 3461 831 3518 est
853 3452 1003 3518 terminus
1026 3453 1116 3537 spatii
1138 3453 1270 3518 absoluti
1290 3454 1322 3517 in

219 3587 280 3650 quo
295 3566 415 3630 rffliter
429 3588 478 3630 res
491 3574 557 3630 est:
579 3566 631 3628 ubi
643 3563 805 3629 relativum
820 3572 867 3626 est
881 3565 932 3628 ubi
946 3563 1040 3627 unius
1054 3563 1098 3627 rei
1112 3572 1322 3648 comparatum
1366 3538 1372 3552 ⁸

220 3675 260 3740 ad
274 3676 463 3741 misterius
481 3676 525 3741 rei
538 3676 708 3741 seeundum
728 3675 915 3740 distantiam.
959 3675 1046 3739 Deus
1061 3696 1133 3759 ergo
1149 3675 1214 3739 sine
1229 3673 1323 3738 dnbio

219 3785 374 3872 assignare
402 3794 504 3873 potest
532 3787 566 3852 in
595 3787 695 3874 spatio
724 3787 875 3866 absoluto,
900 3809 955 3852 seu
983 3787 1016 3850 in
1045 3786 1231 3852 virtualitate
1259 3807 1322 3850 suae

219 3897 445 3976 immensitatis,
466 3900 517 3962 ubi
541 3898 716 3964 absolutum
741 3899 805 3964 rei:
829 3898 969 3963 sednon
995 3906 1096 3984 potest
1119 3897 1219 3962 videre
1244 3897 1321 3962 rela-

218 4009 334 4075 tionem
359 4009 440 4075 iuter
464 4010 522 4075 hoc
547 4011 599 4074 ubi
625 4020 656 4075 et
680 4009 767 4075 aliud
791 4010 912 4074 infinite
941 4009 1069 4089 distans,
1091 4008 1152 4072 nisi
1179 4009 1322 4094 negando

218 4121 386 4186 terminum
401 4120 574 4203 distantiae3
596 4143 669 4186 nam
683 4121 760 4186 ratio
774 4121 899 4186 termini
916 4128 1070 4207 repugnat
1084 4120 1237 4185 distantia
1252 4121 1321 4185 infi-

217 4233 300 4298 nitae.
347 4232 417 4300 Hor
435 4240 538 4297 autem
561 4232 609 4298 vel
634 4255 697 4298 non
723 4241 771 4298 est
793 4233 895 4299 videre
919 4232 1051 4317 aliquam
1071 4232 1259 4312 relationem,
1273 4233 1321 4298 vel

218 4345 320 4430 potius
340 4353 387 4411 est
401 4345 502 4411 videre
517 4345 705 4425 relationem,
721 4346 759 4411 de
773 4367 834 4431 qna
849 4367 906 4410 nos
920 4343 1041 4409 nullum
1062 4352 1243 4429 conceptum
1258 4344 1320 4409 for-
