3212 4986
218 402 291 446 car.
308 382 379 467 nu]
706 405 749 448 nn
766 405 841 448 nno.
1278 377 1320 439 53

218 589 287 633 cum
310 591 367 634 sua
385 569 498 635 virtute
521 571 689 651 attractiva,
705 579 736 636 et
754 577 909 656 ponantur
927 568 1066 635 nondum
1088 566 1215 632 existere
1237 569 1319 627 terra

216 689 247 744 et
270 680 321 745 alii
335 681 467 766 planetae
488 690 520 747 et
535 681 679 768 quaelibet
702 683 762 747 alia
776 691 861 747 extra
882 682 987 747 solem.
1033 679 1138 745 Virtus
1160 674 1319 742 attractiva

216 791 299 871 solis,
315 792 374 856 etsi
396 793 564 858 necessaria
584 793 650 873 soli,
666 802 697 858 et
722 802 826 879 parata
849 793 889 858 ad
909 792 1073 878 agendum,
1088 789 1202 856 carebit
1218 787 1318 852 adhue

216 903 302 967 omni
333 911 405 968 actu
433 905 594 970 attractiva
622 905 752 970 aliorum
780 905 849 970 ideo
886 905 1071 989 simpliciter,
1101 902 1173 988 quia
1207 899 1319 964 desunt

216 1015 339 1079 termini
362 1015 533 1081 materiales
555 1017 588 1080 in
610 1017 723 1101 quibus
742 1018 906 1102 recipiatur
922 1025 1019 1083 actus.
1065 1016 1099 1080 Si
1118 1035 1188 1079 vero
1210 1018 1319 1096 praeter

217 1127 311 1192 solem
334 1137 468 1214 ponatur
490 1128 552 1192 iam
578 1129 708 1194 existere
731 1129 764 1193 in
787 1151 888 1194 rerum
914 1138 1025 1194 natura
1050 1127 1161 1212 aliquis
1185 1124 1319 1210 planeta,

217 1261 245 1304 v.
262 1261 309 1324 gr.
324 1246 415 1320 terra,
430 1240 535 1304 statim
557 1240 654 1305 virtus
668 1240 740 1305 solis
757 1240 916 1305 attractiva
936 1238 1061 1304 habebit
1082 1236 1250 1302 terminum
1269 1254 1320 1297 ex·

218 1351 394 1431 trinsecum,
410 1352 442 1416 in
457 1353 544 1417 cuins
560 1353 735 1438 passivitate
757 1353 920 1438 recipiatur
934 1352 966 1416 in
981 1361 1052 1416 actu
1070 1348 1213 1428 secundo,
1228 1355 1259 1412 et
1275 1344 1321 1410 sol

219 1464 467 1529 denominabitur
481 1475 553 1530 actu
568 1466 735 1531 attrahens.
779 1465 821 1530 Et
840 1467 883 1530 sic
897 1465 1056 1551 passivitas
1071 1462 1201 1549 planetae
1215 1461 1321 1545 recipit

219 1575 342 1661 quidem
366 1576 481 1661 aliquid
504 1599 566 1662 quo
589 1578 625 1641 fit
648 1579 681 1642 in
706 1587 787 1658 actu,
811 1578 864 1642 sed
887 1577 1042 1642 evidenter
1067 1576 1112 1640 sol
1135 1573 1212 1640 nihil
1232 1569 1267 1637 in
1289 1593 1321 1636 se

218 1688 323 1772 recipit
345 1710 400 1772 per
424 1688 482 1753 hoc
505 1688 587 1774 quod
609 1689 706 1754 virtus
728 1689 793 1754 eiua
819 1689 852 1754 in
871 1688 931 1755 alio
952 1689 1100 1776 producat
1119 1698 1250 1762 motum,
1267 1685 1321 1750 sed

219 1808 341 1862 tantum
363 1799 472 1884 accipit
493 1800 771 1866 denominationem
793 1801 960 1867 trahentia:
984 1810 1015 1866 et
1037 1803 1079 1866 sic
1102 1801 1168 1865 sine
1187 1800 1251 1864 ulla
1274 1798 1322 1862 sui

219 1913 388 1976 mutatione
403 1912 568 1978 intrinseca
583 1936 617 1978 ex
627 1936 690 1978 non
702 1914 843 1978 trahente
857 1914 893 1978 fit
908 1914 1032 1978 trahens
1046 1935 1101 2000 per
1112 1911 1207 1977 solam
1223 1926 1321 1975 muta-

221 2023 336 2087 tionem
351 2025 517 2089 extrinsece
531 2025 642 2090 factam
660 2027 693 2089 in
709 2025 777 2090 alic.
823 2027 911 2090 Patet
926 2048 1009 2111 ergo,
1024 2027 1114 2090 etiam
1130 2026 1162 2089 in
1177 2023 1323 2089 relatione

222 2156 319 2199 causae
340 2134 380 2198 ad
399 2135 541 2200 effectum
559 2137 601 2220 (et
620 2136 745 2221 quidem
765 2137 857 2200 etiam
871 2137 904 2200 in
927 2137 1017 2200 rebus
1037 2137 1156 2219 creatis)
1173 2134 1271 2200 valere
1292 2133 1325 2198 id

221 2245 303 2330 quod
319 2244 451 2310 diximus
466 2247 504 2310 de
518 2247 664 2312 relatione
679 2247 740 2312 albi
755 2248 923 2328 adalham,
938 2248 971 2312 id
985 2257 1042 2328 est,
1058 2269 1176 2333 semper
1191 2247 1324 2331 supponi

224 2358 394 2422 subiectum
420 2358 575 2423 relationis
600 2360 633 2424 in
664 2383 719 2424 suo
743 2383 807 2425 esse
836 2360 975 2425 absoluto
1000 2359 1167 2444 perfectum
1197 2380 1267 2422 cum
1291 2381 1325 2421 ea

223 2469 336 2532 virtute
356 2469 517 2550 causativa,
534 2492 602 2555 quae
623 2471 730 2534 eadem
751 2481 853 2536 manet
873 2472 905 2535 in
928 2493 960 2536 se
974 2472 1041 2556 ipsa
1058 2472 1120 2536 sive
1134 2470 1244 2535 habeat
1265 2477 1324 2534 ter·

224 2580 344 2643 minum
366 2581 567 2646 extrinsecum
591 2582 714 2662 realem,
730 2583 792 2648 sive
813 2605 887 2647 non.
932 2582 1025 2661 Quod
1051 2583 1077 2646 si
1095 2582 1255 2647 fatendum
1278 2590 1326 2646 est

224 2691 315 2774 quod,
331 2691 423 2755 etiam
438 2690 557 2776 agendo
572 2692 610 2756 de
625 2693 737 2758 virtute
757 2702 865 2774 ereata,
882 2693 997 2779 aliquid
1012 2693 1199 2778 producitur,
1216 2714 1325 2777 nempe

225 2812 310 2867 actus
328 2802 531 2882 accidentalis,
547 2803 612 2868 sine
636 2803 804 2868 mutatione
818 2804 1014 2890 producentis
1029 2802 1129 2890 quoad
1152 2825 1217 2868 esse
1239 2803 1326 2867 abso-

225 2913 336 2993 lutum,
349 2914 427 2977 nihil
442 2913 555 2978 mirum
570 2923 616 2979 est
631 2914 714 3000 quod
728 2916 825 2981 virtus
836 2915 896 2980 Dei
909 2915 1029 2980 infinite
1045 2919 1190 3001 superans
1204 2936 1327 2978 omnem
1423 2937 1425 2942 ·

224 3026 369 3091 virtutem
384 3034 515 3090 creatam
531 3027 596 3091 sine
612 3027 660 3091 sni
674 3027 847 3092 mutatione
858 3020 1006 3113 producat
1020 3036 1122 3093 actum
1137 3027 1240 3113 ipsum
1255 3025 1328 3091 sub·

140 3217 143 3222 ¹
226 3136 398 3201 stantialem
409 3160 522 3216 rerum,
535 3159 610 3223 quas
625 3137 769 3204 exnihilo
778 3138 891 3204 educit.
921 3139 970 3204 De
981 3162 1041 3225 qua
1050 3161 1082 3202 re
1093 3138 1181 3223 plura
1192 3138 1329 3203 dicemus

227 3248 259 3310 in
274 3256 407 3312 tractatu
422 3258 578 3334 sequente,
594 3272 626 3314 n.
641 3251 695 3315 28.

270 3358 398 3439 Quinto,
423 3369 526 3445 posset
549 3361 658 3446 aliquis
682 3361 829 3447 suspicari
852 3359 946 3446 quod,
965 3360 1084 3425 etiamsi
1107 3382 1170 3425 non
1194 3369 1331 3426 mutetur

178 3508 181 3514 ·
227 3470 313 3534 Deus
322 3493 379 3555 per
390 3480 487 3536 actum
502 3473 629 3552 creandi,
641 3473 759 3557 concipi
771 3481 874 3536 tamen
889 3479 991 3557 posset
1002 3480 1039 3536 ut
1052 3471 1215 3536 intrinsece
1231 3479 1330 3535 muta·

227 3581 296 3646 bilis
305 3592 430 3667 prepter
444 3584 827 3668 contirrqentiumvolitiouia
837 3605 896 3667 quc
904 3584 967 3647 cult
982 3593 1050 3648 acta
1065 3605 1172 3648 creare.
1200 3583 1331 3648 Videtur

228 3694 309 3758 enim
332 3694 425 3779 quod,
440 3694 511 3758 licet
534 3695 684 3758 terminus
706 3703 825 3760 creatus
840 3695 880 3758 sit
899 3702 984 3759 extra
998 3694 1111 3773 Deum,
1126 3703 1157 3758 et
1175 3695 1217 3758 sie
1234 3695 1332 3779 possit

228 3829 293 3871 esse
307 3807 355 3872 vel
369 3829 433 3871 non
449 3829 524 3887 esse,
537 3808 618 3872 salva
632 3808 693 3872 Dei
707 3807 964 3886 immutabilitate,
976 3805 1175 3872 nihilominus
1190 3807 1331 3872 voluntas

228 3917 294 4003 ipsa
309 3919 431 3984 creandi
441 3918 532 3983 debet
543 3941 608 3984 esse
623 3919 655 3983 in
667 3919 754 3998 Deo3
777 3928 808 3983 et
823 3919 891 3983 ideo
900 3919 925 3982 si
940 3919 1035 4004 possit
1045 3941 1109 3983 esse
1120 3918 1168 3984 vel
1182 3941 1245 3983 non
1257 3941 1332 3999 esse,

228 4029 286 4094 erit
304 4030 420 4116 aliquid
434 4030 617 4114 contingens
637 4031 671 4095 in
685 4031 763 4095 Deo.
808 4031 936 4114 Propter
955 4031 1034 4095 hanc
1054 4029 1264 4096 difficultatem
1278 4031 1332 4096 ad-

228 4139 364 4204 dendum
388 4149 434 4204 est
460 4139 554 4225 quod,
581 4141 643 4205 sive
669 4149 803 4225 ponatur
828 4140 861 4203 in
885 4140 952 4204 Deo
975 4141 1079 4205 volitio
1103 4141 1266 4206 terminata
1294 4140 1333 4206 ad

227 4251 343 4315 bonnm
359 4252 562 4316 extrinsecum
585 4251 763 4332 creandum,
779 4251 841 4316 sive
860 4260 992 4336 ponatur
1007 4251 1111 4317 volitio
1132 4275 1196 4318 non
1216 4254 1259 4318 sic
1273 4260 1334 4318 ter·

229 4363 354 4444 minata,
369 4363 474 4428 volitio
496 4363 654 4429 entitative
673 4372 704 4428 et
719 4362 857 4430 absolute
871 4363 976 4428 eadem
1000 4373 1120 4429 manet:
1143 4375 1174 4429 et
1188 4365 1256 4429 ideo
1271 4387 1334 4429 non
