3186 4982
278 357 343 422 266
603 379 762 424 snorum
777 379 817 422 nr
836 379 1053 425 russonum.
1233 363 1328 450 [von.
1344 383 1390 426 11.

274 587 278 596 .
312 543 378 613 Pop.
391 543 452 598 262.
465 542 509 598 bia
522 542 566 613 24,
578 543 621 598 25.
640 541 688 598 sed
699 549 741 598 est
751 542 809 615 ipse
821 547 897 598 ectus
910 544 1096 600 substantialis
1105 546 1289 618 cognoscentis
1296 550 1330 602 ut
1338 563 1390 602 co·

276 629 437 700 gnoscentia
451 630 551 701 666696
567 631 615 685 sed
628 635 669 686 ast
686 629 744 702 ipse
755 635 840 698 actim,
858 647 912 702 quo
928 632 1079 688 substantia
1097 634 1282 706 cognoscitiva
1297 634 1388 706 primo

275 717 809 789 constituiturinsuocssecognoscitivae
819 733 867 790 per
873 719 985 774 modum
993 719 1060 775 iacti
1066 719 1147 794 primi
1155 726 1183 776 et
1190 721 1386 778 substantialis.

309 804 376 874 Paq.
390 805 450 859 263.
464 805 509 858 lta
523 806 548 858 5.
568 821 629 877 666
642 804 695 859 scit
707 805 773 858 odda
783 821 812 858 se
824 821 882 859 esse

274 921 278 955 ς
311 892 377 961 Pop.
389 891 450 946 264.
464 892 510 946 116.
523 892 566 946 22.
585 891 719 946 recolendi
732 892 798 944 adde
807 895 836 944 et
847 893 1020 965 comparandi
1032 893 1104 950 inter
1116 911 1146 950 se

307 977 375 1032 Ibid.
389 978 432 1032 leia
446 979 490 1047 31,
503 979 546 1032 32.
564 995 612 1050 per
630 995 691 1050 quae
705 979 830 1050 cognosci
847 983 945 1050 potest.
982 981 1020 1035 Et
1033 981 1140 1037 hocest
1153 983 1382 1054 6666666616νὶ-

274 1079 334 1118 cem
346 1063 510 1137 complentia
527 1070 575 1119 aut
590 1063 755 1136 integrantia
772 1074 802 1123 et
818 1069 937 1125 diversae
954 1067 1099 1122 relationes
1117 1067 1188 1122 inter
1205 1086 1234 1123 se
1245 1069 1384 1138 habentia,

273 1169 321 1223 per
338 1167 400 1222 quae
418 1169 466 1206 ens
483 1151 608 1224 cognosci
627 1151 806 1226 intelligendo
822 1161 919 1228 potest.
956 1155 995 1209 Et
1012 1154 1064 1210 hoc
1083 1160 1125 1210 est
1142 1155 1213 1210 illud
1231 1155 1385 1228 intelligere

272 1238 345 1310 quod
356 1238 463 1312 proprie
475 1243 517 1294 est
527 1239 695 1309 intus-legere
706 1247 733 1295 66
745 1243 918 1313 inter-legere,
933 1241 1016 1296 idest

307 1327 372 1396 Pop.
386 1327 446 1381 271,
459 1326 537 1382 1669.
557 1325 595 1380 Et
607 1327 659 1381 hoc
671 1333 713 1382 est
725 1329 827 1398 corrige
839 1330 877 1384 Et
887 1330 939 1384 hoc
950 1328 1065 1385 existere
1078 1335 1120 1384 aet

307 1413 376 1467 Itid.
390 1414 434 1468 lin.
449 1414 490 1468 16
510 1411 632 1484 sequitur
643 1414 709 1468 adde
721 1433 776 1469 non
787 1415 958 1471 intellectum
969 1415 1082 1488 proprie,
1096 1416 1144 1470 sed

305 1499 373 1554 Itid.
384 1499 428 1554 leia
439 1500 482 1554 30.
501 1499 698 1570 cogitabilibue
711 1503 805 1556 Adde:
824 1502 883 1557 Nec
894 1502 969 1557 valet
980 1502 1068 1556 dicere
1081 1502 1154 1573 quod
1163 1502 1223 1558 haec
1235 1502 1304 1556 ratio
1315 1519 1379 1574 pro·

271 1585 345 1639 cedit
357 1585 390 1639 66
403 1585 548 1640 existentia
559 1587 633 1655 reali,
646 1605 702 1642 non
714 1588 751 1642 de
759 1589 849 1643 ideali.
886 1589 959 1643 Nam
971 1589 1023 1644 hoc
1035 1594 1078 1643 est
1096 1607 1244 1662 supponere
1256 1589 1329 1660 qnod
1337 1595 1380 1642 est

271 1670 300 1724 in
313 1670 479 1742 quastion03
498 1671 614 1726 dicimus
626 1672 700 1726 enim
712 1692 766 1727 non
779 1675 837 1729 dari
846 1676 879 1730 de
889 1674 1035 1730 existentia
1042 1675 1149 1747 proprie
1156 1675 1258 1730 dictam
1270 1675 1377 1729 ideam:

270 1764 299 1811 et
315 1762 446 1830 preterea
464 1757 609 1814 existentia
626 1760 675 1814 illa
692 1761 788 1815 idealis
801 1762 911 1816 deberet
928 1761 1034 1834 concipi
1046 1767 1078 1815 ut
1096 1762 1231 1816 existentia
1243 1763 1271 1816 io
1283 1768 1378 1832 posen-

270 1846 308 1899 616
326 1847 363 1898 ed
378 1844 545 1914 6661666666,
562 1847 635 1918 6666
647 1853 689 1902 666
701 1848 957 1916 contradictorium
976 1853 1005 1902 et
1016 1849 1078 1903 ideo
1090 1854 1223 1921 repugnat
1233 1853 1378 1920 conceptus

269 1931 423 1986 existentiae
434 1950 542 2004 prorsus
560 1934 785 2004 generalissimus.
822 1935 980 1990 Notandum
991 1939 1123 2007 praeterea
1135 1935 1208 2006 quod
1218 1935 1375 1990 intellectus

270 2036 324 2073 non
342 2018 474 2092 intelligit
484 2019 538 2074 nisi
549 2020 682 2075 rationem
693 2020 903 2093 intelligibilem.
941 2022 1022 2076 Ratio
1030 2027 1121 2076 autem
1130 2021 1198 2077 dicit
1206 2021 1376 2089 relationem,

269 2111 298 2160 et
313 2105 409 2161 relatio
427 2107 525 2160 saltem
545 2107 613 2161 duos
634 2107 763 2162 terminos
782 2108 909 2180 postulat.
946 2107 1021 2162 Hinc
1042 2107 1113 2162 nihil
1133 2113 1174 2162 est
1193 2107 1375 2180 intelligibile,

268 2192 322 2246 nisi
333 2192 363 2246 in
375 2199 508 2265 quantum
519 2193 631 2248 exhibet
642 2195 740 2248 saltem
751 2195 820 2249 duos
831 2195 960 2248 terminos
973 2195 1222 2266 quomodocumque
1238 2194 1374 2250 relativos.

270 2280 315 2336 Sic
327 2280 423 2353 nequit
441 2281 560 2353 intelligi
575 2281 663 2336 forma
682 2280 735 2335 nisi
752 2299 802 2353 per
818 2281 1015 2354 oppositionem
1033 2282 1069 2335 ad
1086 2281 1236 2352 materiam,
1249 2299 1300 2336 nec
1319 2287 1374 2335 ter·

268 2367 359 2421 minus
371 2366 424 2421 nisi
435 2385 483 2439 per
495 2368 692 2440 oppositionem
704 2367 739 2422 66
760 2373 851 2422 ectum
860 2388 868 2437 ς
895 2373 924 2421 66
941 2367 1003 2422 1666
1024 2367 1071 2438 661
1090 2367 1216 2422 nesciunt
1231 2367 1372 2439 analyzare

269 2453 449 2509 substantiam
473 2454 641 2509 materialem
668 2453 816 2508 secundum
839 2458 986 2526 conceptus
1011 2453 1131 2508 materiae
1157 2458 1185 2509 et
1205 2453 1308 2524 tormae,
1332 2454 1374 2509 ia-

268 2545 361 2594 tentur
380 2540 481 2612 passim
502 2559 530 2596 se
546 2540 690 2595 essentiam
708 2539 828 2594 materiae
843 2557 899 2595 nou
916 2539 1077 2612 intelligere,
1094 2539 1161 2595 licet
1179 2539 1267 2594 sciant
1287 2546 1374 2595 mate·

268 2626 337 2680 riam
356 2645 421 2682 6666.
472 2628 511 2682 Ε6
531 2628 584 2682 hoc
602 2625 727 2695 ostendit,
752 2625 788 2680 ed
806 2625 959 2680 habendam
977 2626 1068 2681 ideam
1089 2626 1256 2681 clicuiusrei
1274 2627 1375 2698 requiri

268 2714 468 2788 perceptionem
480 2716 595 2771 duomm
607 2714 711 2782 saltem,
721 2719 754 2768 ut
762 2714 798 2768 ad
806 2713 924 2768 invicem
932 2714 1087 2769 relatorum.
1123 2714 1212 2788 Igitur
1221 2715 1374 2785 existentia,

266 2818 359 2872 quum,
371 2801 481 2873 utquid
494 2801 619 2874 simplex,
627 2819 682 2856 non
695 2799 789 2855 offerat
801 2801 868 2855 duos
881 2801 1011 2856 terminos
1023 2802 1058 2856 66
1069 2801 1187 2857 invicem
1198 2802 1304 2871 relatos,
1314 2820 1370 2856 non

268 2892 310 2942 est
329 2888 399 2942 ratio
420 2888 608 2960 intelligibilis,
622 2893 652 2942 et
668 2905 724 2942 non
743 2894 784 2942 est
802 2886 941 2942 obiectum
957 2887 1027 2943 ideae
1044 2888 1158 2960 proprie,
1177 2889 1224 2943 sed
1243 2889 1373 2961 simplicis

267 2975 373 3030 notitiae
386 2973 457 3030 circa
474 2976 546 3047 quod
564 2981 612 3030 est.
648 2975 731 3030 Dicet
748 2973 854 3046 eliquis,
867 2973 1042 3028 existentiam
1062 2974 1160 3029 habere
1178 2975 1374 3048 oppositionem

266 3063 301 3116 ad
313 3062 463 3134 potentiam
476 3063 619 3132 existendi,
630 3068 658 3116 et
669 3079 717 3135 per
728 3062 779 3116 hoc
791 3077 869 3133 posse
878 3078 1005 3134 apparere
1017 3061 1066 3116 sub
1076 3061 1304 3133 quadamratione
1311 3080 1373 3134 pro·

266 3147 324 3220 prie
335 3148 510 3220 intelligibili.
544 3148 599 3203 Sed
605 3149 685 3204 facile
696 3147 879 3220 respondetur,
891 3147 1043 3220 potentiam
1055 3148 1189 3204 existendi
1201 3166 1259 3205 esse
1271 3148 1374 3220 aliquid

267 3240 345 3290 extra
356 3235 443 3308 ipsam
455 3235 636 3308 existentiam,
649 3236 799 3308 etquidem
811 3253 865 3290 non
876 3235 1031 3290 ordinatum
1043 3236 1078 3289 ad
1095 3235 1183 3308 ipsam
1194 3252 1243 3308 per
1254 3235 1372 3308 aliquam

267 3323 426 3377 relationem
436 3323 698 3378 transcendentalem
712 3325 750 3395 (v.
761 3341 799 3395 gr.
812 3323 884 3377 sicut
895 3323 1009 3377 materia
1025 3323 1061 3377 ad
1073 3322 1199 3394 formam)
1214 3323 1261 3377 sed
1270 3323 1371 3395 absque

265 3411 321 3464 ullo
339 3427 447 3482 prorsus
463 3428 537 3464 nexu
554 3427 616 3464 cum
633 3409 700 3485 ipsa,
713 3428 799 3482 quum
816 3410 984 3483 concipiatur
1000 3411 1124 3483 negando
1139 3411 1299 3484 simpliciter
1311 3411 1372 3465 exi·

265 3496 400 3551 stentiam.
438 3496 543 3551 Poterit
563 3514 627 3569 ergo
647 3497 773 3568 cognosci
793 3496 939 3552 existentia
958 3503 991 3552 66
1005 3498 1117 3568 iactum,
1132 3502 1160 3552 et
1176 3516 1224 3571 per
1240 3498 1292 3553 hoc
1313 3497 1371 3552 6166

266 3583 420 3656 oppositum
432 3602 479 3638 seu
487 3602 543 3638 non
552 3583 706 3655 existentia,
717 3584 763 3638 sed
772 3583 933 3656 nonpoterit
941 3583 1059 3656 intelligi
1068 3601 1116 3657 per
1124 3583 1214 3638 ideam
1224 3585 1373 3639 secundum

264 3672 339 3744 quod
350 3672 416 3744 quid
429 3677 478 3726 est
514 3672 561 3726 Ad
572 3672 641 3740 haec,
654 3670 769 3743 queestio
786 3690 822 3726 66
839 3670 940 3742 aliquid
955 3671 989 3724 eit
1007 3676 1036 3725 et
1053 3671 1170 3742 quaestio
1188 3671 1252 3742 quid
1262 3671 1328 3724 a'llad
1337 3671 1371 3725 sit

264 3764 329 3813 sunt
341 3759 461 3814 diversae.
499 3757 530 3812 si
542 3758 601 3830 quis
614 3757 688 3812 dicat
699 3757 757 3827 Eat,
772 3758 977 3830 apprehendam,
990 3756 1094 3812 factum
1105 3756 1239 3824 affirmari,
1257 3757 1371 3811 sednon

264 3846 418 3918 intelligam
430 3845 495 3917 quid
507 3843 670 3899 affirmatur:
698 3844 722 3898 si
735 3863 799 3900 vero
811 3845 871 3917 quis
884 3844 958 3899 dicat
969 3845 1020 3898 Est
1028 3844 1089 3912 dies,
1102 3843 1207 3898 habebo
1217 3849 1248 3898 et
1258 3844 1369 3914 fectum,

264 3933 367 4005 etquid
378 3933 415 3987 sit
426 3933 499 4004 quod
512 3932 545 3987 de
557 3932 629 3986 facto
648 3931 804 3986 affirmatur.
850 3931 881 3986 Si
899 3949 961 4004 ergo
979 3931 1161 4004 supprimatur
1179 3950 1233 3986 vox
1245 3933 1303 4000 Est,
1316 3931 1370 3984 alia

263 4037 319 4075 vox
331 4021 385 4074 dica
396 4020 485 4074 adhuc
502 4019 575 4074 dicet
587 4017 723 4074 obiectum
733 4018 812 4086 ideae,
825 4023 854 4072 et
864 4017 968 4072 fectum
980 4017 1138 4090 disparebit:
1152 4018 1176 4072 61
1188 4037 1251 4073 vero
1264 4018 1369 4090 suppri-

263 4111 355 4160 matur
366 4124 420 4161 vox
438 4107 498 4176 dies,
510 4105 648 4162 obiectum
665 4105 733 4160 ideae
752 4103 907 4176 disparebit,
921 4109 949 4159 et
960 4105 1019 4159 sola
1030 4105 1162 4177 supererit
1174 4105 1316 4159 affirmatio
1327 4105 1368 4158 fa-

253 4192 299 4246 cti
312 4191 530 4265 inintelligibilis,
539 4191 673 4264 siquidem
686 4190 774 4244 selum
786 4189 900 4244 verbum
911 4196 949 4244 eet
959 4191 1056 4262 nequit
1067 4191 1165 4246 resolvi
1181 4191 1210 4244 in
1223 4192 1278 4246 duo
1290 4209 1367 4245 com-

262 4277 393 4350 parabilia
404 4296 452 4352 per
460 4284 588 4332 mentem.
624 4277 699 4332 Hinc
720 4276 819 4330 iterum
839 4284 957 4350 apparet,
970 4277 1043 4349 quod
1061 4297 1120 4346 esea,
1141 4278 1214 4350 quod
1231 4277 1367 4350 significet

262 4365 377 4434 extitere,
390 4359 461 4420 sicut
472 4365 556 4420 etiem
565 4365 706 4436 affirmatio
716 4363 832 4434 616666,
844 4382 899 4419 666
912 4370 954 4418 666
965 4364 1102 4419 obiectum
1113 4364 1191 4434 ideae,
1205 4366 1252 4420 sed
1265 4382 1366 4438 cogno·

253 4449 347 4508 ,scitur
364 4457 396 4504 ut
413 4445 675 4520 quoddam'iactum.
712 4449 821 4504 Addam
832 4450 879 4505 hic
897 4449 1022 4519 breviter,
1035 4451 1108 4521 quod
1120 4451 1178 4506 idea
1189 4445 1256 4506 dicit
1268 4467 1364 4524 quam-
