3240 4986
228 379 297 435 car.
314 357 354 454 a]
674 390 717 433 on
734 389 864 434 nonno.
1290 375 1331 439 79

228 554 352 619 evidens
366 561 424 620 est.
468 553 551 638 Ergo
566 554 599 617 in
610 554 678 618 Deo
689 552 828 618 absolute
842 560 993 638 repugnat
1005 552 1136 618 evolutio
1145 553 1327 619 immanens.

232 662 301 730 Hoc
324 674 541 751 argumentum
555 666 726 730 radicaliter
741 665 869 730 destruit
884 686 1005 729 omnem
1019 664 1264 750 pantheiatarum
1279 688 1329 731 co·

229 785 337 841 natum
359 777 393 842 in
412 776 598 861 oppositum,
616 785 647 839 et
665 783 768 861 posset
789 775 921 839 multum
944 774 1076 854 dilatari,
1096 775 1123 840 si
1140 797 1218 861 opus
1238 785 1329 857 esset,

228 887 425 952 discurrendo
439 910 493 972 per
508 887 631 972 singula
641 886 701 951 Dei
715 887 882 952 attributa:
906 910 934 950 v.
946 909 993 970 gr.
1010 887 1141 952 evolutio
1156 888 1328 953 immanens

228 999 315 1084 ponit
337 999 369 1064 in
392 999 460 1064 Deo
483 999 753 1084 compositionem:
781 999 867 1082 atqui
889 997 975 1062 Deus
998 1005 1044 1063 est
1067 999 1327 1084 simplicissimum

230 1133 311 1196 ergo.
358 1112 438 1176 Item
461 1111 594 1176 evolutio
616 1110 788 1174 immanens
810 1116 857 1174 est
880 1109 1010 1174 mutatio
1031 1111 1213 1175 intrinseca:
1243 1112 1330 1198 atqui

226 1224 312 1287 Dens
327 1231 373 1287 est
388 1221 588 1287 immutabilis
596 1246 607 1299 3
629 1242 711 1305 ergo.
756 1221 798 1283 Et
813 1220 856 1284 sic
870 1220 908 1283 de
922 1219 1057 1304 reliquis.
1184 1231 1186 1236 '

272 1335 423 1415 Secundo,
446 1342 598 1420 repugnat
621 1333 772 1397 mundum
794 1355 860 1396 esse
883 1331 998 1417 aliquid
1019 1333 1052 1397 in
1084 1332 1253 1398 substantia
1268 1333 1329 1398 Dei

229 1447 417 1525 immanens;
451 1467 525 1529 ergo
549 1467 613 1509 non
639 1453 686 1507 eat
712 1443 846 1508 mundus
875 1444 1026 1507 emanatio
1055 1443 1226 1508 immanens
1251 1443 1328 1509 Deo.

228 1556 318 1621 Prob.
345 1566 408 1621 ant.
455 1556 493 1619 In
516 1556 633 1620 mundo
657 1564 703 1620 est
733 1554 869 1632 materia,
895 1553 1063 1618 multitudo
1091 1553 1190 1633 realis,
1216 1564 1328 1635 motus,

228 1670 325 1749 limes,
340 1669 511 1748 infirmitas,
526 1667 616 1753 culpa
630 1675 687 1731 etc.
734 1666 833 1751 Atqui
845 1665 910 1730 lraec
928 1673 1086 1750 nequeunt
1105 1665 1138 1729 in
1157 1666 1328 1732 substantia

228 1782 329 1846 divina
353 1782 529 1845 immanere.
573 1780 667 1863 Ergo.
712 1779 761 1842 In'
777 1778 836 1842 hoc
862 1786 1043 1861 argumento
1066 1778 1228 1862 praemissae
1253 1786 1327 1843 sunt

228 1915 352 1977 prorsus
367 1892 521 1956 evidentes
529 1918 539 1970 3
563 1898 593 1955 et
608 1891 676 1955 ideo
692 1889 777 1953 nulla
791 1889 934 1953 ulteriore
949 1889 1147 1974 explicatione
1161 1890 1313 1975 indigent.

271 2003 384 2080 Tertio,
401 2009 590 2086 argumenta,
607 2001 720 2087 quibus
735 1999 857 2064 Baruch
873 2000 1006 2084 Spinoza
1022 2001 1126 2084 (huius
1142 2001 1328 2087 pantheismi

227 2116 423 2199 instaurator)
441 2137 528 2178 suam
542 2113 747 2179 evolutionem
761 2115 981 2177 immanentem
995 2113 1145 2194 fundavit,
1161 2123 1234 2178 sunt
1251 2135 1328 2199 pura

229 2227 415 2311 sophismata
434 2224 563 2309 indigna
582 2222 763 2308 philosopho
781 2231 811 2287 et
826 2221 982 2287 manifesti
996 2244 1120 2288 errores.
1165 2224 1249 2308 Ilrgo
1263 2247 1326 2289 non

227 2337 317 2403 datur
331 2337 464 2403 evolutio
478 2337 659 2401 immanens.
704 2334 897 2400 Antecedens
913 2332 1092 2418 probabitur
1106 2334 1187 2398 infra
1201 2357 1326 2420 respon-

228 2451 327 2516 dendo
341 2448 564 2514 obiectionibus
579 2448 726 2533 Spinozae.

272 2565 324 2625 10.
351 2562 478 2625 Obiiciea
494 2561 537 2624 1⁰.
562 2558 740 2624 Substantia
755 2558 901 2622 definitur
914 2556 946 2621 id
962 2556 1045 2642 quod
1060 2557 1092 2620 in
1108 2578 1140 2621 se
1154 2565 1200 2622 est
1220 2565 1251 2622 et
1273 2579 1327 2643 per

227 2697 259 2738 se
273 2673 392 2757 concipi
406 2679 517 2756 potest,
528 2670 562 2734 id
576 2678 632 2750 est,
644 2670 731 2734 cuius
745 2676 910 2753 conceptus
924 2689 988 2732 non
1002 2667 1130 2732 involvit
1145 2677 1326 2754 conceptum

227 2783 359 2848 alterius.
405 2783 503 2868 Atqui
525 2780 602 2845 nihil
624 2788 670 2844 est
693 2787 777 2844 extra
791 2780 904 2858 Deum,
920 2778 1004 2864 quod
1025 2799 1088 2843 non
1105 2778 1239 2844 involvat
1254 2803 1326 2845 con-

228 2905 351 2980 ceptum
378 2894 513 2959 alterius.
557 2891 641 2977 Ergo
667 2891 730 2956 sola
754 2891 855 2956 existit
881 2889 984 2955 divina
1010 2890 1189 2955 substantia.
1235 2892 1326 2956 Prob.

227 3009 302 3072 min.
349 3006 383 3070 Si
405 3005 480 3090 quid
502 3013 581 3068 esset
604 3002 754 3068 eiusmodi
776 3011 859 3066 extra
880 3001 994 3081 Deum,
1017 3011 1097 3066 esset
1120 3002 1235 3087 aliquid
1257 3025 1328 3088 pro·

228 3121 373 3184 ductum:
397 3117 483 3201 atqui
505 3113 596 3180 omne
618 3113 801 3200 productum
823 3113 949 3178 involvit
971 3114 1003 3177 in
1020 3136 1075 3178 suo
1090 3122 1240 3199 conceptu
1255 3137 1327 3180 con·
1375 3124 1381 3134 '

226 3237 349 3314 ceptum
372 3227 505 3307 alterius,
529 3226 669 3298 videlicet
690 3247 787 3290 causae
809 3225 1006 3310 producentis
1017 3250 1026 3302 3
1050 3247 1123 3309 ergo
1145 3225 1223 3290 nihil
1245 3235 1329 3290 extra

225 3343 328 3407 Deum
354 3351 410 3420 est,
437 3340 520 3424 quod
546 3361 609 3404 non
635 3337 770 3403 involvat
796 3344 978 3420 conceptum
1004 3336 1138 3401 alterins.
1183 3336 1255 3402 Tale
1281 3347 1327 3402 est

226 3454 353 3539 capitale
369 3453 507 3537 Spinozae
522 3455 747 3535 argumentum.
1369 3531 1371 3536 Ι

269 3559 452 3650 Respondeo
469 3564 538 3628 dict.
555 3563 601 3626 M.
627 3583 689 3626 non
710 3559 837 3624 involvit
860 3564 1040 3643 conceptum
1064 3558 1188 3623 alterius
1210 3559 1243 3622 in
1266 3581 1326 3644 quo

226 3659 274 3741 sit
283 3676 439 3761 tamquam
455 3675 488 3738 in
504 3664 639 3738 subiecto
654 3696 678 3760 c.
690 3671 751 3752 M„
764 3693 780 3733 a
795 3692 857 3754 qno
872 3669 911 3734 sit
926 3679 1083 3755 tamquam
1099 3691 1117 3733 a
1131 3690 1223 3734 causa
1236 3689 1266 3735 a.
1276 3672 1326 3735 M.

226 3798 256 3852 et
271 3787 402 3852 contrad.
419 3788 489 3849 min.
505 3809 534 3848 ιι.
552 3806 630 3849 cons.
675 3783 717 3846 Et
732 3804 787 3867 per
800 3782 866 3845 haec
881 3788 966 3865 patet
987 3777 1063 3865 quid
1080 3780 1326 3865 respondendum

227 3901 266 3964 sit
281 3897 453 3984 probationi
468 3897 604 3961 minoris.
643 3895 796 3960 Caeterum
812 3892 982 3957 substantia
996 3892 1123 3976 cogitari
1138 3899 1240 3976 potest
1254 3892 1326 3956 sim·

224 4011 342 4097 pliciter
357 4009 525 4074 secundum
539 4005 707 4072 realitatem
723 4027 814 4090 quam
829 4002 931 4083 habet,
943 4011 974 4067 et
989 4003 1031 4067 sic
1046 4024 1109 4066 non
1121 4003 1250 4068 involvit
1264 4004 1326 4067 t'or-

225 4123 344 4186 maliter
357 4122 391 4185 in
406 4142 461 4185 suo
476 4127 625 4204 conceptu
640 4125 821 4201 conceptum
837 4137 952 4180 causae:
975 4123 1006 4179 et
1020 4121 1122 4199 potest
1144 4114 1328 4180 considerari

224 4243 259 4300 ut
275 4235 395 4300 realitas
410 4233 579 4319 producta3
602 4231 635 4294 in
652 4251 713 4314 quo
724 4251 796 4292 casu
808 4236 988 4312 conceptum
1001 4247 1098 4291 causae
1110 4248 1173 4290 non
1184 4225 1327 4303 involvet,
1446 4312 1450 4320 Ι

226 4347 279 4411 scd
296 4347 442 4411 relatione
461 4341 662 4428 oppositionis
680 4339 800 4403 inseret.
846 4338 938 4402 Patet
956 4345 1059 4402 autem
1074 4359 1136 4402 non
1152 4359 1241 4423 posse
1256 4359 1327 4402 con·
