3240 4986
237 383 306 427 cnr.
323 363 362 447 a]
692 385 735 428 nn
753 387 882 430 nunno.
1298 369 1340 432 7⁷

237 553 304 608 tota
313 543 436 608 realitas
450 552 576 633 quaeest
590 544 624 608 in
635 546 752 610 mundo
763 547 938 612 continetur
952 548 1083 628 realiter,
1095 548 1149 612 sed
1160 549 1339 629 eminenter,

237 676 291 718 seu
305 655 405 718 multo
419 654 539 734 melius,
555 653 589 718 in
603 655 670 740 ipso
685 655 763 721 Deo.

279 765 332 829 Ad
341 766 491 831 rationem
506 766 539 831 in
549 766 735 832 eontrarium
750 791 815 853 nep.
822 770 919 852 parit.
951 768 1026 834 Ideo
1037 769 1119 834 enim
1133 769 1212 834 libre
1222 771 1341 854 argenti

236 878 341 943 addita
349 877 435 942 librae
445 877 512 942 auri
521 878 593 942 facit
603 878 720 963 aliquid
727 879 808 964 plus,
820 878 893 964 quia
900 878 978 943 libra
988 880 1054 944 auri
1065 888 1096 944 et
1106 880 1199 945 babet
1210 880 1340 944 valorem

236 989 361 1053 finitum
375 997 407 1053 et
421 987 632 1074 comparabilis
647 998 694 1052 θεῖ
710 1012 781 1054 oum
794 988 872 1054 libra
887 991 1007 1075 argenti
1022 991 1079 1056 sub
1094 991 1222 1055 univoca
1232 991 1342 1056 valoris

237 1102 364 1165 ratione.
403 1101 486 1164 Hinc
500 1108 602 1185 potest
609 1101 675 1165 fieri
690 1122 820 1180 summa,
833 1122 887 1165 seu
897 1110 998 1166 totum
1013 1102 1112 1166 maius
1126 1109 1222 1188 parte.
1255 1103 1343 1166 Deus

236 1221 338 1276 autem
353 1233 424 1276 eum
439 1211 556 1276 mundo
571 1233 633 1276 non
648 1211 721 1276 facit
743 1211 868 1297 aliquod
889 1220 1000 1292 totum,
1015 1222 1046 1278 et
1061 1213 1148 1278 Deus
1163 1213 1256 1278 etiam
1272 1214 1339 1280 sine

238 1323 354 1388 mundo
369 1331 417 1387 est
431 1323 569 1408 undique
582 1324 734 1388 infinitus.

281 1437 312 1499 8.
340 1436 467 1499 Obiioiea
482 1438 526 1498 5⁰.
550 1433 689 1511 Quorum
705 1456 768 1498 una
790 1443 837 1498 est
851 1435 982 1499 essentia
1002 1457 1107 1499 eorum
1124 1457 1186 1499 una
1207 1443 1254 1500 est
1269 1436 1341 1502 sub·

239 1546 368 1613 stantia:
391 1547 478 1631 atqui
487 1545 548 1609 Dei
561 1554 593 1610 et
604 1545 714 1610 mundi
723 1568 787 1609 una
797 1553 844 1610 est
859 1545 990 1610 essentia
998 1572 1008 1625 3
1032 1568 1105 1631 ergo
1120 1556 1150 1610 θῖ
1161 1546 1340 1611 substantia.

239 1658 340 1722 Maior
349 1667 395 1722 est
406 1665 498 1722 certa.
533 1657 639 1721 Minor
650 1655 815 1742 probatur:
831 1679 893 1721 una
909 1664 955 1721 est
966 1659 1097 1721 essentia
1105 1657 1165 1720 Dei
1180 1666 1211 1722 et
1223 1658 1341 1738 mundi,

239 1769 265 1833 si
279 1768 409 1833 essentia
418 1767 527 1832 mundi
542 1767 633 1831 estin
643 1767 711 1831 Deo
726 1775 758 1831 et
772 1767 903 1831 essentia
915 1766 975 1830 Dei
990 1768 1084 1832 estin
1099 1767 1233 1832 mundo:
1256 1767 1342 1854 atqui

237 1881 281 1944 ita
295 1888 343 1944 est
351 1905 361 1958 3
383 1901 467 1964 ergo.
512 1879 595 1942 Nam
610 1879 743 1943 essentia
756 1878 866 1942 mundi
880 1887 927 1943 est
941 1879 1007 1943 eius
1022 1877 1218 1964 possibilitas,
1231 1880 1341 1965 quaein

237 1992 301 2056 solo
316 1991 384 2056 Deo
398 1999 463 2055 est:
486 1991 561 2055 item
572 1991 659 2055 Deus
673 1998 720 2054 est
735 1990 768 2054 in
780 1990 897 2055 mundo
911 2012 975 2055 non
990 1990 1089 2055 solum
1104 2013 1159 2076 per
1172 1973 1341 2077 potentiam

237 2111 268 2166 et
282 2124 338 2187 per
350 2100 554 2187 presentiam,
567 2101 620 2165 sed
635 2101 727 2166 etiam
742 2123 798 2186 per
812 2101 985 2180 essentiam,
996 2109 1033 2166 ut
1048 2103 1220 2167 concedunt
1235 2125 1341 2168 omnes

238 2214 383 2299 theologi.

281 2326 464 2412 Respondeo
476 2334 570 2390 troas.
580 2327 629 2389 M.
639 2348 705 2410 nep.
714 2328 784 2390 mio.
817 2326 868 2390 Ad
882 2325 975 2390 buius
988 2325 1200 2411 probationem
1211 2327 1279 2391 dist.
1290 2328 1339 2390 M.

238 2437 264 2502 si
279 2439 409 2502 essentia
426 2437 536 2502 mundi
551 2445 597 2500 est
612 2437 645 2500 in
666 2436 734 2501 Deo
748 2436 916 2502 formaliter
930 2447 962 2502 et
985 2439 1011 2502 si
1025 2439 1157 2502 essentia
1169 2438 1230 2502 Dei
1244 2447 1291 2503 est
1305 2439 1337 2506 in

236 2550 354 2614 mundo
368 2559 404 2614 ut
426 2549 459 2613 in
473 2548 607 2615 termino
620 2548 786 2614 intrinseco
801 2573 825 2612 o.
836 2550 903 2629 ¹M,
920 2549 946 2613 si
961 2550 1093 2614 essentia
1114 2550 1223 2614 mundi
1238 2559 1284 2614 est
1305 2550 1339 2614 in

237 2660 306 2726 Deo
327 2661 496 2726 virtualiter
518 2660 698 2740 eminenter,
712 2668 744 2724 et
758 2659 897 2724 'essentia
911 2659 971 2724 Dei
993 2669 1039 2724 est
1061 2660 1094 2723 in
1115 2661 1232 2725 mundo
1251 2670 1288 2725 ut
1307 2660 1340 2725 in

173 2832 176 2837 .
237 2773 368 2837 termino
391 2773 558 2837 extrinseco
580 2794 611 2836 a.
626 2773 676 2835 M.
692 2779 723 2835 θῖ
746 2773 1008 2836 nortmanniam
1025 2794 1102 2837 oona.
1155 2772 1207 2836 Ad
1231 2771 1340 2857 proba·

237 2883 354 2948 tionem
379 2883 502 2948 maioris
526 2883 603 2962 dioo,
627 2882 790 2947 essentiam
816 2875 928 2963 rerum,
951 2891 1043 2968 prout
1066 2883 1217 2968 signifieat
1241 2884 1340 2948 deter-

239 2995 427 3060 minatarum
455 3016 559 3059 rerum
591 2993 824 3079 possibilitatem
854 3015 919 3059 esse
947 2993 981 3058 in
1009 2993 1077 3058 Deo
1110 3002 1146 3059 ut
1174 2995 1340 3059 terminum

238 3105 366 3171 idealem
390 3105 574 3191 cognitionis
596 3104 716 3184 diuinae,
731 3105 816 3168 iuxta
841 3104 923 3169 diota
942 3105 976 3169 in
998 3113 1131 3169 traotatu
1153 3106 1340 3190 praecedente

240 3219 286 3301 (n.
295 3219 365 3302 46),
378 3218 432 3283 sed
446 3239 510 3283 non
522 3216 671 3310 oontineri
684 3217 718 3311 ip
729 3217 797 3281 Deo
811 3216 1074 3290 nisieminenter:
1090 3195 1259 3282 *essentiam
1270 3240 1341 3282 vero

172 3357 176 3362 ¹
238 3328 298 3393 Dei
313 3350 375 3392 non
391 3350 457 3392 esse
471 3328 505 3392 in
519 3326 611 3394 rebus
626 3327 685 3391 nisi
699 3349 755 3411 per
769 3327 969 3392 extrinsecam
991 3328 1246 3410 terminationem,
1262 3329 1340 3393 sieut

239 3439 331 3504 etiam
347 3439 385 3503 de
400 3439 511 3504 divinis
528 3437 684 3504 attributis
700 3438 817 3504 dietum
836 3446 883 3503 est
898 3438 931 3502 in
950 3439 1057 3504 eodem
1071 3448 1203 3505 tractatu
1220 3441 1263 3523 (n.
1276 3442 1342 3505 67-

241 3553 305 3636 72).
352 3550 436 3615 Hino
460 3551 550 3615 nauti
572 3550 707 3615 ubieatio
733 3558 779 3613 est
800 3549 951 3614 terminus
977 3551 1163 3615 extrinsecus
1189 3550 1228 3616 ad
1249 3573 1340 3636 quem

238 3661 422 3727 terminatur
436 3659 610 3727 virtualitas'
621 3661 847 3740 immensitatis,
864 3661 907 3725 ita
921 3663 1053 3725 essentia
1067 3662 1111 3726 rei
1124 3662 1280 3747 productae
1295 3672 1342 3726 est

238 3774 388 3839 terminus
403 3773 442 3838 ad
457 3795 548 3858 quem
563 3773 746 3838 terminatur
767 3771 933 3836 extrinsece
948 3771 1046 3836 virtus
1061 3772 1170 3837 divinae
1184 3773 1340 3859 essentiae:

240 3894 270 3948 et
282 3885 371 3949 nauti
382 3883 515 3949 ubieatio
527 3906 588 3948 non
605 3891 651 3948 est
662 3883 863 3964 mansites,
875 3905 931 3948 nea
947 3883 1063 3969 aliquid
1074 3884 1148 3965 eius,
1157 3884 1202 3948 ita
1210 3884 1342 3949 essentia

161 3986 163 3990 ’
239 3997 282 4061 rei
296 3996 453 4081 produotoe
467 4018 531 4060 non
546 4004 592 4061 est
606 3995 739 4060 essentia
753 3994 823 4074 Dei,
838 4017 895 4060 neo
910 3994 1026 4080 aliquid
1040 3996 1116 4060 eius.

281 4112 386 4196 Atque
399 4110 450 4175 bio
464 4119 599 4190 notetur,
615 4110 698 4195 quod
712 4110 745 4174 in
761 4110 917 4191 creaturis,
932 4111 1017 4176 iuxta
1033 4111 1066 4174 S.
1080 4110 1241 4191 Thomam,
1252 4113 1298 4176 ita
1311 4134 1343 4176 se

238 4223 325 4286 labet
345 4245 406 4286 esse
427 4223 469 4286 ad
487 4224 650 4301 essentiam,
666 4222 742 4286 meat
764 4229 847 4285 artur
869 4221 910 4284 ad
920 4224 1107 4305 potentiam:
1130 4223 1184 4307 qui
1198 4222 1343 4308 loquendi

235 4333 346 4400 modus
361 4333 557 4418 accipiendus
571 4342 618 4397 est
633 4332 671 4396 de
686 4331 816 4397 essentia
831 4331 971 4416 possibili
984 4341 1158 4418 comparata
1178 4333 1217 4398 ad
1240 4342 1342 4398 sotum
