3222 4984
259 345 322 408 182
572 364 615 406 nn
631 363 775 407 acriora
792 364 850 407 nar
867 363 903 407 ru
921 362 1053 408 nunno.
1205 339 1293 422 [car.
1311 358 1365 402 111.

260 529 533 593 clamationum
542 531 691 610 bonitatis,
700 539 734 594 ut
749 532 923 615 dignitatem
933 529 1118 594 musclitutia
1127 529 1216 590 ctiam
1225 527 1369 590 aaaron

260 641 458 705 communicet.
503 639 584 716 Quia
605 649 709 706 tamen
724 641 811 706 Deus
825 641 1001 706 immediate
1023 638 1177 704 concurrit
1202 637 1242 701 ad
1262 659 1369 701 omnes

261 759 348 816 aetus
376 761 593 832 creaturarum,
619 752 698 832 ideo,
725 754 846 818 etiamsi
871 761 1019 818 creatura
1047 751 1182 816 habeant
1210 749 1366 835 propriam

262 863 481 942 causalitatem,
510 885 574 928 non
609 865 748 949 seqnitur
782 864 1036 949 gubernationem
1071 862 1206 928 divinam
1236 859 1369 925 exerceri

261 975 385 1059 praecise
399 977 542 1040 rudicula
556 984 705 1055 creatura,
721 976 809 1061 qnasi
823 985 960 1040 creatura
974 974 1153 1060 proximius,
1164 995 1257 1057 quam
1269 971 1367 1050 Deus,

262 1086 395 1170 attingat
409 1087 535 1151 effectus
549 1087 758 1172 providentias,
774 1086 827 1151 sed
846 1086 975 1151 exerceri
997 1108 1062 1150 eum
1077 1085 1224 1148 conantio
1239 1081 1368 1146 alicuius

262 1209 426 1263 creatura:
461 1199 544 1283 qnod
558 1221 623 1263 non
645 1198 785 1283 impedit,
800 1198 966 1283 quominus
988 1195 1171 1281 gubernatio
1186 1194 1247 1258 Dei
1268 1193 1368 1258 adhuc

263 1308 303 1372 sit
328 1308 514 1374 immediata.
574 1309 667 1374 Unde
692 1309 861 1395 respondeo
895 1309 1038 1387 secundo,
1062 1307 1166 1371 Deum
1196 1305 1368 1390 gubernare

263 1420 367 1485 omnia
381 1421 566 1500 immediate,
581 1422 614 1484 in
630 1444 722 1486 sensu
736 1421 883 1506 exposito.
931 1422 982 1485 Sic
996 1442 1051 1505 per
1062 1427 1181 1503 patrem
1196 1426 1228 1481 et
1239 1426 1366 1480 matrem

263 1531 417 1614 gubernat
432 1532 521 1612 filios,
537 1542 568 1596 et
583 1555 638 1617 per
652 1556 755 1618 regem
771 1534 923 1618 gubernat
937 1532 1104 1611 nationem,
1119 1552 1182 1594 non
1198 1530 1286 1615 quasi
1302 1529 1368 1593 eius

262 1641 443 1725 gubernatio
463 1665 526 1707 non
549 1643 683 1728 attingat
706 1644 882 1709 immediate
896 1644 975 1708 filios
989 1651 1043 1707 aut
1059 1641 1208 1720 subditos,
1225 1641 1279 1705 sed
1292 1640 1366 1725 quia

263 1752 399 1817 admittit
414 1755 601 1820 consortium
617 1755 813 1820 causalitatis.

304 1865 357 1928 39.
381 1862 537 1939 Quaeritur
551 1875 645 1946 sexto,
661 1889 701 1930 aa
708 1868 897 1951 providentia
912 1867 1012 1930 divina
1027 1864 1198 1930 conulictar
1209 1886 1274 1928 nrm
1289 1865 1366 1927 ecie-

261 1977 354 2040 tcnlr'a
368 1977 510 2040 maloram
517 1979 717 2061 physicarum.

305 2086 485 2172 Respondeo
507 2088 692 2152 affirmative.
750 2088 833 2151 Nam
857 2087 937 2150 mala
959 2087 1095 2172 physica,
1117 2094 1154 2150 ut
1177 2085 1287 2165 morbi,
1302 2094 1365 2150 ter-

260 2208 414 2280 raemotus,
429 2200 581 2279 incendia,
604 2199 788 2285 ignorantia,
804 2199 958 2278 sterilitas,
973 2221 1066 2278 mors,
1082 2207 1113 2264 et
1128 2199 1290 2262 innumere
1304 2197 1364 2261 hu-

261 2310 404 2388 iusmodi,
419 2312 453 2376 in
479 2320 601 2376 tantum
625 2311 770 2377 dicuntur
793 2311 884 2391 mala,
909 2311 942 2374 in
967 2319 1119 2395 quantum
1146 2318 1364 2394 comparantur

260 2420 350 2486 bonis
373 2422 557 2507 quibusdam
576 2423 819 2506 particularibus,
843 2444 976 2507 quorum
999 2422 1246 2487 consecutionem
1268 2422 1364 2505 impe-

259 2532 368 2599 diunt:
391 2533 424 2597 in
439 2541 590 2619 quantum
605 2557 675 2598 vero
689 2542 905 2618 comparantur
919 2555 990 2597 cum
1005 2533 1067 2596 fine
1082 2532 1227 2616 generali,
1243 2540 1274 2596 et
1289 2554 1360 2596 cum

260 2642 373 2708 tinibus
387 2643 448 2708 illis
463 2643 706 2728 particularibus,
720 2665 798 2729 quoa
813 2643 900 2708 Deus
921 2642 1066 2722 intendit,
1081 2643 1196 2706 habent
1211 2643 1361 2707 rationem

238 2828 244 2840 Ι
259 2754 371 2820 medii:
393 2763 425 2820 et
439 2755 483 2820 sic
497 2755 611 2821 habent
626 2755 782 2821 relativam
795 2755 975 2834 bonitatem,
984 2763 1110 2839 propter
1124 2777 1216 2839 quam
1232 2753 1361 2838 positive

259 2865 379 2930 intendi
407 2867 526 2952 possint
552 2890 570 2931 a
594 2867 672 2946 Deo,
697 2874 730 2932 et
754 2865 882 2952 positive
915 2865 1022 2931 cadere
1053 2865 1110 2930 snb
1140 2865 1361 2950 gubernatione

259 2975 369 3041 divina
416 2975 519 3052 Quare
533 2977 620 3042 Dens
634 2977 714 3042 mala
728 2977 854 3064 physica
868 2977 934 3042 vult
949 2976 1080 3062 positive
1094 2998 1158 3041 non
1173 2986 1266 3061 prout
1281 2977 1361 3042 mala

242 3095 344 3166 sunt,
360 3087 414 3151 sed
428 3097 521 3172 prout
534 3088 626 3152 bona.
672 3089 722 3153 Sic
743 3089 908 3152 immatura
929 3110 1011 3153 mora
1033 3089 1128 3173 patris
1150 3096 1198 3152 est
1212 3110 1361 3172 magnum

259 3197 376 3262 malum
394 3199 474 3280 filiis,
486 3199 518 3263 in
530 3208 681 3284 quantum
692 3199 852 3284 privantur
863 3201 1086 3266 sustentatione
1100 3210 1155 3264 aut
1166 3201 1360 3265 educatione:

259 3315 290 3370 et
306 3329 368 3372 non
383 3309 440 3374 sub
452 3309 510 3374 hoc
524 3318 664 3394 respectu
679 3332 697 3374 a
710 3309 778 3374 Deo
792 3310 981 3375 intenditur:
1006 3311 1059 3376 sed
1080 3312 1186 3376 eadem
1210 3334 1292 3376 mors
1315 3312 1363 3376 vel

258 3415 338 3482 bona
350 3427 399 3484 est
420 3420 480 3505 ipsi
503 3421 654 3501 morienti,
670 3421 742 3506 quia
756 3421 796 3486 ad
815 3421 975 3506 praemium
988 3431 1124 3502 vocatur,
1138 3423 1186 3487 vel
1210 3432 1256 3487 est
1278 3422 1360 3488 bona

258 3529 338 3609 filiis,
351 3531 423 3616 quia
433 3531 486 3596 dat
497 3531 558 3596 illis
569 3532 756 3597 occasionem
770 3533 935 3618 patientiae,
946 3532 1068 3612 laboris,
1085 3541 1116 3597 et
1132 3534 1242 3615 meriti,
1253 3535 1303 3599 vel
1312 3543 1358 3599 est

257 3639 338 3705 bona
351 3642 448 3723 alteri,
465 3643 519 3729 qui
533 3644 679 3708 inlocum
694 3644 807 3709 mortui
823 3644 967 3725 succedit,
982 3645 1030 3710 vel
1044 3654 1091 3710 est
1105 3646 1146 3710 ob
1162 3646 1237 3710 alios
1252 3647 1359 3710 titulos

257 3750 380 3818 relative
394 3752 495 3818 bona:
518 3762 549 3817 et
572 3753 630 3819 sub
652 3753 701 3818 his
723 3754 894 3820 rationibus
916 3756 1016 3820 aDeo
1030 3757 1160 3840 positive
1174 3757 1357 3836 intenditur,

255 3872 286 3926 et
301 3863 443 3930 subditur
458 3863 568 3929 divina
582 3864 798 3949 gubernationi
808 3874 844 3930 ut
859 3866 994 3932 medium
1009 3868 1182 3934 conducens
1197 3869 1355 3933 adfinem.

256 3973 325 4038 Hoc
347 3974 449 4058 ipsum
473 3975 505 4040 S.
528 3976 661 4041 'l'homas
684 3977 727 4061 (p.
752 3980 781 4041 1.
805 3999 834 4063 q.
851 3979 903 4043 22.
920 4001 948 4044 a.
962 3979 995 4062 3)
1013 3979 1072 4042 alio
1086 3979 1178 4044 modo
1202 3979 1355 4044 declarat:

255 4086 396 4150 Prooiror
411 4089 616 4170 particularia,
631 4088 742 4172 inquit,
766 4089 895 4154 accludit
916 4090 1060 4173 defectam
1082 4090 1119 4154 ab
1142 4112 1175 4154 eo
1199 4092 1359 4174 quodcirca

253 4217 329 4258 carc
341 4197 485 4277 redditur,
501 4207 642 4281 quantam
653 4207 772 4282 potest:
794 4201 846 4264 sed
860 4203 998 4284 provisor
1012 4202 1187 4266 aniversalis
1204 4204 1355 4286 permittit

251 4305 376 4385 nimirem
400 4309 542 4390 defletam
571 4313 603 4374 irs
626 4311 724 4393 aliquo
754 4312 933 4395 particulari
957 4314 1095 4393 occidere,
1118 4337 1155 4377 ae
1181 4311 1356 4397 impediatur
