3240 4986
256 344 416 430 canum]
712 371 755 416 nn
772 371 903 420 uuuno.
1297 360 1358 422 135

253 525 345 592 etiam
361 528 394 592 in
416 530 592 598 mechanica
614 534 797 602 ostenditur.
842 536 944 600 Futile
965 544 1012 601 est
1031 536 1129 622 igitur
1147 560 1299 606 recurrere
1318 542 1359 607 ad

252 641 456 707 constantiam
486 643 591 729 legum
619 647 806 713 naturalium
831 657 938 713 contra
963 649 1180 715 miraculorum
1205 651 1357 738 possibili-

251 757 356 830 tatem,
372 774 469 836 quum
483 755 665 821 miraculum
679 758 797 822 nullam
811 758 912 843 legem
925 759 1096 826 naturalem
1111 760 1213 827 violet.

294 864 347 928 59.
373 864 449 929 Haec
464 866 542 930 circa
552 868 787 952 possibilitatem
802 870 1019 938 miraculorum
1033 871 1113 936 clara
1128 880 1211 952 sunt,
1224 873 1279 938 sed
1292 873 1354 940 late

248 993 372 1058 serpens
394 977 576 1062 conspiratio
599 987 705 1044 contra
720 980 889 1062 veritatem,
905 988 936 1046 et
953 981 1172 1068 philosophicae
1186 984 1352 1070 impiorum

248 1083 371 1149 fraudes
383 1085 633 1172 ,suadentpauca
654 1089 713 1156 alia
735 1090 855 1158 addere.
901 1091 1088 1158 Miraculum
1108 1093 1253 1160 definitur
1271 1097 1354 1181 Opnr

248 1218 267 1259 a
291 1197 357 1260 Deo
376 1201 504 1281 positive
522 1201 683 1283 moredano
707 1225 848 1286 superare
875 1206 951 1270 vires
976 1213 1005 1272 et
1028 1207 1204 1290 culpantium
1228 1217 1351 1276 nutura.

247 1307 370 1372 Dicitur
391 1331 410 1373 a
430 1309 498 1374 Deo
519 1310 688 1395 procedens
707 1313 769 1378 sive
790 1313 975 1395 immediata,
993 1316 1055 1381 sive
1077 1315 1226 1382 mediate:
1250 1329 1351 1403 potest

246 1419 329 1483 enim
352 1420 439 1485 Deus
469 1421 516 1486 uti
542 1421 712 1490 ministerio
740 1425 920 1510 angelornm
946 1425 1107 1507 bonorum,
1134 1429 1229 1494 immo
1258 1431 1350 1498 etiam

246 1528 406 1611 malorum,
421 1553 498 1615 quoa
521 1554 628 1616 cogere
650 1542 751 1619 potest
773 1535 813 1600 ad
838 1536 1075 1602 ministrandum
1098 1537 1183 1622 operi
1203 1561 1350 1625 superna-

244 1641 347 1706 turali.
393 1641 604 1710 communiter
627 1653 731 1712 tanmn
753 1646 913 1712 fatendum
936 1647 1066 1728 videtur,
1089 1649 1192 1714 Deum
1214 1672 1278 1716 non
1301 1652 1349 1717 uti

244 1753 365 1817 diabolo
388 1753 427 1818 ad
456 1755 601 1821 miracula
628 1757 784 1824 facienda:
817 1758 914 1823 immo
944 1759 976 1823 S.
1001 1759 1134 1824 Thomas
1163 1761 1347 1827 miraculum

244 1865 348 1930 stricte
363 1875 522 1951 sumptum
538 1891 577 1933 ne
591 1867 629 1933 ab
645 1869 762 1952 angelis
777 1869 901 1954 quidem
916 1869 982 1934 fieri
999 1893 1088 1955 posse
1102 1879 1191 1956 putat
1206 1874 1347 1957 effective,

244 1974 297 2039 sed
323 1984 444 2041 tantum
470 1979 753 2046 instrumentahter.
812 1981 873 2046 Sed
898 1982 971 2067 quia
1000 1991 1074 2046 sunt
1104 1983 1244 2068 quaedam
1266 1984 1347 2049 facta

241 2086 431 2167 miraculosa,
458 2111 526 2174 quae
551 2089 630 2156 vires
653 2091 805 2176 angelicas
829 2112 894 2155 non
919 2100 1075 2176 supemnt,
1103 2099 1134 2157 et
1157 2092 1230 2176 quia
1255 2114 1346 2158 causa

240 2197 494 2280 instrumentalis,
516 2201 589 2266 licet
610 2201 758 2287 applicari
778 2201 916 2286 indigeat
934 2202 1054 2286 (saltem
1077 2202 1216 2288 imperio,
1237 2212 1273 2267 ut
1295 2204 1345 2270 hic

241 2309 375 2390 accidit),
390 2319 438 2375 est
452 2321 556 2376 tamen
570 2333 639 2378 vero
653 2311 795 2391 efficiens,
809 2312 878 2376 ideo
901 2311 1024 2376 admitti
1038 2321 1139 2397 potest
1154 2311 1344 2398 quodetiam

240 2421 368 2505 angelus
390 2444 427 2487 ex
450 2422 536 2488 iussu
555 2422 615 2486 Dei
636 2422 734 2509 possit
749 2422 846 2488 facere
868 2422 1067 2488 miraculum:
1090 2432 1122 2488 et
1140 2433 1265 2509 propter
1285 2424 1344 2490 hoc

241 2531 352 2597 dicitur
366 2533 548 2598 miraculum
562 2554 640 2618 opus
654 2532 750 2598 aDeo
759 2536 887 2618 positiva
900 2532 1077 2618 procedens,
1093 2542 1130 2599 ut
1144 2531 1344 2601 excludantur

240 2664 330 2728 opera
342 2643 490 2709 diabolica
503 2645 584 2730 (quoe
595 2645 681 2713 Deus
693 2645 871 2731 simpliciter
882 2645 1033 2730 permittit
1045 2666 1110 2709 non
1123 2645 1341 2731 impediendo),

239 2777 303 2820 non
318 2765 422 2821 autem
436 2778 529 2842 opera
542 2779 611 2842 quae
626 2756 664 2821 ab
678 2756 796 2840 angelis
811 2777 847 2820 ex
864 2755 951 2820 iussu
965 2755 1025 2819 Dei
1041 2756 1180 2841 prestari
1201 2765 1341 2840 possunt.

241 2866 291 2931 Sic
315 2867 430 2952 siquis
452 2867 569 2932 hahens
587 2867 691 2937 ocrdos
714 2867 902 2941 catarrhacta
923 2866 1048 2947 velatos,
1070 2867 1245 2952 improviso,
1266 2867 1342 2933 dum

238 2985 304 3042 orat
323 2978 356 3042 S.
371 2978 558 3062 Raphae'lern
580 3000 637 3064 pro
654 2977 820 3058 curatione,
831 2978 973 3063 perfecte
990 2987 1123 3059 sanetur,
1139 3000 1230 3044 nemo
1252 2978 1341 3044 dubi-

238 3088 317 3153 tabit
341 3089 417 3174 quin
440 3088 556 3154 factum
580 3089 641 3154 dici
663 3088 773 3154 debeat
797 3089 979 3156 miraculum
989 3113 1000 3167 3
1022 3097 1159 3154 attamen
1185 3089 1269 3156 nulla
1295 3100 1342 3156 est

237 3200 400 3265 necessitas
422 3199 544 3266 dicendi
569 3201 653 3286 quod
674 3199 760 3266 Deus
785 3223 840 3285 per
866 3223 898 3266 re
922 3200 1025 3286 ipsum
1048 3201 1125 3266 illud
1146 3201 1229 3282 fecit,
1244 3225 1341 3288 quum

237 3311 315 3376 vires
332 3311 476 3397 angehcae
491 3312 530 3396 ad
551 3311 633 3380 idern
647 3312 821 3378 faciendum
837 3312 902 3376 sine
920 3311 983 3376 ullo
1005 3311 1147 3377 dubiosa
1164 3313 1341 3379 extendant.

236 3422 372 3488 Additur
391 3446 462 3490 vero
482 3423 565 3510 quod
587 3431 710 3510 superat
731 3445 797 3494 non
816 3423 916 3494 solum
933 3425 1019 3503 vires,
1036 3423 1090 3487 sed
1111 3432 1142 3488 et
1165 3426 1341 3509 erepentium

236 3543 372 3616 naturae3
391 3536 463 3622 quia
477 3535 511 3600 in
526 3535 593 3622 ipso
608 3557 700 3602 curru
713 3544 831 3600 naturae
846 3542 919 3599 sunt
934 3535 1036 3620 aliqua
1050 3555 1119 3619 quae
1128 3535 1208 3600 vires
1223 3545 1340 3601 naturae

236 3655 344 3712 creatae
369 3654 524 3732 ruperant,
550 3655 586 3710 ut
610 3656 657 3710 est
686 3645 832 3712 animatio
857 3645 963 3725 foetus,
989 3667 1058 3730 quae
1086 3645 1181 3730 exigit
1206 3645 1340 3713 animam

235 3758 348 3825 creari„⁸
372 3757 426 3824 aad
439 3757 498 3823 hoc
520 3779 584 3825 non
598 3755 710 3824 dicitur
731 3757 922 3834 miraculum,
938 3755 997 3821 etsi
1012 3764 1134 3841 superet
1148 3755 1226 3821 vires
1243 3757 1339 3822 totins

235 3876 390 3948 creaturae,
405 3869 478 3954 quia
492 3867 729 3936 ordonaturalis
744 3867 823 3932 hanc
838 3867 898 3944 Dei
912 3866 1118 3951 operationem
1134 3865 1273 3952 requirit.

279 3978 382 4056 Quare
404 3999 535 4044 asserere
557 3977 790 4063 possibilitatem
812 3977 950 4042 miraculi
967 3976 1045 4040 nihil
1065 3975 1151 4040 aliud
1173 3984 1230 4060 est,
1245 3998 1338 4063 quam

235 4111 367 4154 asserere
386 4090 546 4155 Auctorem
560 4097 672 4154 nature
687 4110 776 4174 porse
790 4088 905 4172 aliquid
917 4087 1092 4171 plusquam
1106 4095 1213 4152 acturo
1229 4090 1339 4172 possit.

236 4201 341 4278 Quam
355 4209 458 4264 autem
474 4199 538 4264 haec
553 4199 678 4264 assertio
697 4199 737 4264 sit
751 4197 974 4263 evidentissime
990 4218 1069 4275 vera,
1084 4195 1239 4261 evidenter
1253 4205 1339 4281 patet

234 4311 371 4376 miraculi
393 4311 588 4397 possibilitas.
634 4311 716 4376 Item
737 4310 775 4375 ab
798 4332 863 4374 esse
877 4309 957 4376 valet
979 4308 1075 4373 illatio
1093 4308 1132 4373 ad
1153 4330 1260 4396 posse:
1284 4310 1338 4375 sed
