3212 4986
236 356 307 401 cer.
325 335 364 421 1.]
693 361 734 404 or
752 361 883 406 nunno.
1297 339 1338 404 73

236 511 392 590 eontinere
406 527 576 611 formaliter
592 529 744 593 realitates
766 551 895 614 quarum
918 537 965 592 est
978 528 1048 592 lons
1058 553 1069 606 ;
1092 528 1134 591 sic
1153 526 1237 592 enim
1253 526 1340 592 Deus

238 634 359 700 deberet
375 637 485 702 habere
501 637 534 701 in
555 660 610 702 sua
625 637 797 702 substantia
816 637 1083 703 determinationes
1097 637 1200 701 finitas
1221 644 1252 700 et
1267 658 1340 700 eou-

238 747 447 812 tradietorias:
471 756 501 812 et
516 749 590 812 satis
610 757 656 812 est
672 749 697 812 si
714 751 792 814 ratio
815 749 916 814 omnis
930 749 1075 812 realitatis
1089 746 1287 833 producibilis
1306 747 1340 811 in

239 857 341 923 divina
355 859 491 923 realitate
506 859 708 924 contineatur.

282 971 313 1034 6.
342 972 468 1035 Obiiries
483 973 527 1036 3⁰.
550 970 664 1036 Omnia
693 993 761 1056 quae
791 980 864 1036 sunt
892 972 925 1036 in
955 971 1071 1037 mundo
1100 970 1341 1036 substantialiter

239 1091 379 1147 constant
401 1094 471 1148 actu
486 1092 516 1148 et
531 1085 679 1168 potentia.
726 1083 759 1147 Si
774 1106 847 1168 ergo
868 1075 920 1148 hio
933 1093 1029 1163 aetus,
1045 1083 1099 1169 qui
1114 1083 1234 1168 proprie
1248 1083 1340 1147 habet

238 1183 386 1260 rationem
399 1197 481 1261 entis
499 1199 581 1280 (nam
596 1197 733 1282 potentia
747 1208 793 1262 est
809 1220 871 1261 non
886 1199 965 1280 ens),
980 1206 1026 1261 est
1042 1197 1144 1261 divina
1158 1196 1338 1276 substantie,

238 1295 341 1371 omnia
364 1308 485 1392 quaein
507 1307 624 1372 mundo
642 1308 777 1373 existunt
800 1317 873 1372 sunt
893 1308 995 1373 divina
1018 1306 1198 1371 substantia.
1242 1307 1340 1391 Atqui

237 1417 281 1481 ita
303 1426 359 1482 est.
403 1418 497 1504 Ergo.
542 1419 643 1484 Maior
663 1428 709 1484 est
730 1411 871 1499 evidens3
895 1419 967 1504 quia
989 1428 1084 1498 actus,
1103 1419 1156 1504 qui
1177 1416 1269 1482 habet
1291 1440 1338 1482 ra-

237 1517 351 1593 tionem
364 1529 469 1595 formae
483 1530 702 1610 substantialis,
715 1540 761 1596 est
773 1531 988 1596 constitutivas
1004 1529 1201 1610 snbstantiae3
1226 1530 1251 1594 si
1266 1552 1339 1614 ergo

238 1639 287 1703 hic
302 1649 387 1705 aetus
403 1650 449 1706 est
461 1642 564 1707 divina
578 1643 759 1723 substantia,
770 1665 859 1707 omne
874 1644 959 1728 quod
969 1651 1015 1707 est
1030 1665 1101 1707 cum
1113 1643 1167 1706 tali
1182 1651 1253 1707 actu
1267 1665 1338 1706 oon-

238 1739 376 1817 stituitur
392 1753 563 1819 substantia
582 1743 636 1839 per
651 1755 785 1820 divinam
801 1755 1013 1821 substantiam.
1058 1755 1163 1818 Minor
1178 1776 1247 1819 vero
1269 1776 1338 1838 pro·

237 1862 344 1929 batur:
357 1853 439 1928 'nam
457 1868 490 1929 1ο
504 1865 587 1951 quod
610 1867 662 1929 dat
682 1866 817 1951 primum
840 1889 982 1930 essenon
1001 1865 1128 1929 habenti
1146 1865 1245 1930 adhue
1263 1887 1337 1944 erse,

238 1974 315 2038 illud
331 1975 420 2040 debet
436 1976 547 2040 habere
569 1977 721 2040 infinitam
736 1968 890 2057 virtutem,
907 1985 938 2040 et
952 1977 1020 2041 ideo
1043 1976 1132 2041 debet
1148 2000 1213 2041 esse
1234 1977 1338 2042 Deus:

239 2084 325 2170 atqui
346 2075 662 2152 aetus'substaritialis
686 2088 738 2152 dat
762 2089 896 2173 primum
919 2111 1068 2152 essenon
1093 2088 1218 2152 habenti
1234 2085 1340 2153 ¹adhue

240 2217 324 2276 esse3
348 2220 421 2282 ergo
440 2207 526 2263 actus
542 2190 751 2265 substantialis
771 2201 823 2285 qui
844 2194 1002 2265 coustituit
1025 2194 1211 2264 substantias
1230 2200 1339 2264 mundi

239 2316 285 2371 est
298 2298 365 2393 ipse
375 2310 480 2375 Deus:
503 2320 534 2375 et
549 2321 770 2396 consequenter
780 2335 842 2376 una
856 2303 902 2376 est
918 2311 1088 2376 substantia
1099 2311 1159 2374 Dei
1173 2320 1204 2375 et
1219 2311 1339 2375 mundi.

237 2411 272 2483 2⁶
286 2420 384 2485 Actus
399 2445 453 2485 seu
462 2422 561 2486 forma
572 2422 781 2487 substantialis
793 2423 870 2488 nihil
885 2421 969 2487 aliud
983 2430 1029 2486 est
1039 2422 1098 2486 nisi
1106 2422 1204 2486 virtus
1219 2422 1338 2505 agentis

238 2522 401 2596 terminata
414 2533 453 2597 ad
466 2525 630 2598 terminum
641 2535 828 2619 receptivum
842 2527 907 2599 esse
919 2534 1136 2612 substantialis,
1148 2533 1238 2597 sicuti
1252 2542 1338 2597 aetus

237 2641 284 2706 vel
303 2633 402 2708 forma
417 2643 617 2708 'accidentalis
637 2645 715 2708 nihil
733 2644 817 2709 aliud
837 2652 883 2708 est
905 2645 965 2709 nisi
982 2645 1078 2708 virtus
1097 2644 1216 2728 agentis
1233 2645 1338 2708 termi-

237 2763 310 2819 nata
335 2755 374 2819 ad
394 2756 559 2820 terminum
582 2755 768 2840 receptivum
790 2779 856 2820 esse
877 2753 1082 2820 accidentalis.
1125 2754 1222 2840 Atqui
1241 2754 1338 2819 virtus

238 2859 366 2949 agentis,
383 2875 419 2930 ut
443 2867 606 2931 terminata
630 2866 668 2930 ad
693 2867 826 2951 aliquem
848 2867 1015 2932 terminum
1035 2866 1221 2950 receptivum
1246 2865 1339 2950 primi

238 2999 313 3055 esse,
329 2999 391 3040 non
413 2976 535 3046 ,realiter
556 2976 756 3062 distinguitur
776 2972 907 3062 aseipsa
921 2987 956 3042 ut
977 2987 1024 3043 est
1044 2979 1076 3041 in
1092 2985 1210 3061 agente.
1255 2978 1358 3062 Ergo·

238 3079 324 3151 aetus
348 3088 557 3152 substantialis
580 3088 719 3152 omnium
745 3111 858 3169 rerum,
879 3112 947 3174 quae
972 3089 1004 3152 in
1031 3089 1147 3152 mundo
1171 3096 1253 3168 sunt,
1274 3110 1338 3153 uon

237 3199 357 3263 realiter
381 3192 582 3283 distinguitur
605 3223 623 3265 a
644 3200 757 3264 virtute
779 3201 881 3266 divirm
904 3195 996 3286 prout
1019 3209 1065 3264 est
1088 3201 1122 3264 in
1145 3200 1222 3265 Deo.
1267 3201 1337 3264 Vir-

236 3302 298 3374 tus*
312 3319 414 3375 autem
439 3303 550 3390 divina,
576 3320 613 3376 ut
641 3312 675 3375 in
696 3306 764 3376 Deo
788 3320 844 3391 est,
871 3320 918 3375 est
946 3308 1012 3375 eius
1041 3310 1212 3374 substantia
1224 3338 1231 3387 ;
1264 3334 1337 3396 ergo

237 3429 322 3485 actus
345 3413 553 3487 substantialis
579 3445 682 3487 rerum
707 3422 932 3510 mundanarum
954 3430 1000 3485 est
1026 3421 1129 3486 divina
1147 3421 1336 3489 substantia:

236 3541 267 3596 et
287 3523 509 3618 'consequenter
532 3533 634 3598 divina
657 3532 829 3598 substantia
854 3541 901 3598 est
924 3528 1120 3598 constitutiva
1142 3533 1241 3598 omnis
1265 3534 1336 3598 sub·

238 3642 366 3710 stantia.
414 3669 415 3672 ¹

235 3792 237 3800 .
281 3756 463 3840 Respondeo
478 3764 556 3822 coar.
574 3759 623 3822 Μ.
638 3780 668 3820 a.
685 3759 755 3821 miri.
810 3756 860 3820 Ad
874 3756 1005 3839 primam
1020 3755 1112 3819 huius
1128 3755 1336 3836 probationem

236 3861 303 3930 diat.
320 3868 369 3931 M.
386 3861 468 3952 quod
489 3862 541 3931 dat
560 3863 780 3948 primum'esse
798 3863 955 3950 tamquam
971 3864 1064 3930 'causa
1083 3865 1214 3930 efficiens
1233 3890 1257 3930 a.
1274 3869 1335 3947 M.,

237 3977 320 4061 quod
335 3977 387 4042 dat
402 3975 535 4064 primum
551 4001 616 4043 esse
630 3987 787 4064 tamquam
803 3998 892 4042 causa
906 3977 1041 4042 formalis
1055 4001 1085 4041 a.
1096 3979 1146 4043 Μ.
1159 3985 1189 4040 et
1204 3981 1335 4046 contrad.

236 4093 306 4154 mio.
322 4115 350 4154 a.
366 4087 444 4156 rous.
490 4090 540 4154 Ad
563 4087 728 4156 secundam
750 4091 961 4176 probationem
976 4115 1006 4154 a.
1023 4092 1072 4154 M.
1118 4089 1192 4154 Haec
1208 4091 1336 4158 obiectio

232 4201 382 4280 eontinet,
397 4202 431 4265 ni
445 4201 543 4282 fallor,
558 4197 746 4287 praecipuum
759 4199 1002 4288 pantheistarum
1018 4201 1181 4285 sophisma,
1197 4203 1255 4266 etsi
1270 4202 1337 4272 aliie

235 4307 374 4377 terminis
398 4313 497 4397 magis
521 4312 654 4387 delinitis
679 4310 872 4398 expressum:
903 4313 1031 4398 ideoque
1061 4333 1125 4376 uon
1147 4311 1256 4378 inutile
1279 4316 1336 4379 erit
