3186 4982
189 364 261 408 von.
280 343 334 426 u.]
519 361 678 406 1611666
693 360 734 404 un
749 359 967 404 6666116661.
1228 339 1292 401 255

191 525 290 581 amoris
301 525 335 581 de
348 542 401 597 quo
417 524 464 580 hic
476 541 563 580 sermo
575 529 624 594 est,
637 524 708 580 sicut
722 528 751 579 et
762 527 855 578 actum
871 520 1087 595 cognoscitivum
1104 519 1138 575 de
1150 537 1204 592 quo
1215 537 1296 593 supra

192 614 321 683 diximus,
338 631 393 667 non
412 629 470 668 ease
494 617 571 667 66116
592 612 705 667 alicuius
717 611 856 684 sacedotes
877 609 1067 682 cognoscitivae
1091 613 1140 663 aut
1157 609 1294 678 volitivae5

191 717 256 754 nam
275 701 319 754 hae
335 699 480 755 facultates
498 717 553 753 non
573 699 763 770 concipiuntur
779 697 833 751 nisi
852 697 883 750 in
898 702 996 751 natura
1014 695 1125 770 physice
1145 695 1294 767 complcta3

192 786 239 840 sed
260 803 318 840 esse
336 790 428 840 actum
444 784 661 861 metaphysicum
678 789 711 838 ut
729 782 918 856 complebilem
936 800 985 837 suo
1001 781 1118 837 termino
1132 787 1161 836 et
1176 782 1295 855 complc-

116 887 118 894 ⁴
191 876 284 926 mento
303 869 483 926 substantiali.
519 873 609 948 Actus
630 875 723 925 autem
741 870 920 925 accidentales
939 868 1117 942 cognoscendi
1138 873 1166 924 ct
1185 869 1294 925 volendi

192 962 350 1030 supponunt
360 963 452 1013 actum
463 958 536 1012 hunc
554 957 761 1012 substantialem
773 974 826 1029 quo
844 973 927 1028 agens
938 955 1115 1010 constituitur
1130 959 1194 1011 actu
1204 955 1234 1009 in
1245 955 1296 1010 tali

192 1047 297 1113 161616,
310 1061 394 1117 quum
414 1043 625 1116 unumquodque
645 1047 710 1115 agat
729 1048 809 1117 prout
830 1043 919 1096 estin
937 1046 1007 1097 actu
1044 1041 1115 1097 Vide
1132 1041 1204 1096 infra
1220 1059 1246 1098 n.
1259 1043 1295 1096 33

193 1131 276 1184 6140.

227 1215 292 1286 Pop.
304 1217 328 1270 9.
343 1217 388 1270 lia.
398 1217 440 1284 14,
452 1217 493 1270 15.
513 1233 597 1287 quum
604 1215 752 1288 procedant
760 1215 794 1270 ab
806 1215 902 1271 ecdem
910 1214 1043 1289 principio
1054 1214 1131 1285 (eunt
1143 1213 1216 1268 enim
1224 1215 1296 1270 cius·

193 1302 256 1356 dem
275 1303 360 1374 entis)
373 1303 473 1373 corripe
492 1319 577 1374 quum
597 1303 800 1358 constituantrr
817 1302 1007 1357 terminatione
1025 1301 1106 1356 unius
1126 1306 1156 1355 et
1173 1300 1295 1357 eiusdem

194 1392 270 1444 66116
281 1388 371 1460 primi,

127 1544 130 1548 ἢ
228 1473 294 1543 Pop.
310 1474 350 1527 11.
364 1473 408 1527 lais.
421 1475 463 1528 20.
482 1473 512 1528 in
524 1490 577 1545 quo
589 1474 646 1528 solo
658 1475 759 1544 corripe
770 1473 843 1547 quod
855 1477 897 1528 est
908 1491 1002 1542 unum,
1015 1473 1068 1527 etsi

229 1559 295 1630 Pap.
309 1559 350 1614 12.
364 1561 409 1614 ls'n.
423 1561 465 1614 23.
485 1560 644 1616 affectivam.
667 1561 767 1631 6616166
787 1559 965 1616 affectivam!
1002 1561 1040 1614 Et
1060 1559 1127 1614 udde
1146 1566 1235 1614 aotam
1254 1579 1295 1615 sc·

193 1650 324 1715 queniam:
345 1645 360 1674 ¹*
372 1645 498 1701 Fortasse
517 1646 615 1701 melius
638 1646 693 1702 dici
712 1651 811 1719 661661,
831 1645 1055 1719 complacentiam
1072 1645 1149 1700 illam
1169 1645 1295 1700 substan·

193 1731 289 1786 tialem
298 1732 489 1805 procedentem
501 1752 536 1788 ex
547 1734 745 1806 conspiratione
757 1739 834 1788 66116
843 1732 1020 1806 cognoscitivi
1032 1738 1061 1788 et
1071 1733 1181 1788 termini
1192 1733 1296 1805 cogniti

193 1834 251 1871 esse
271 1835 390 1874 amorem
408 1819 565 1875 affectivum
583 1825 706 1890 tantum;
725 1819 900 1892 probabiliter
915 1819 989 1874 enim
1009 1836 1085 1874 amor
1102 1820 1296 1892 appretiativus

194 1903 279 1958 oritur
290 1922 325 1959 ex
336 1905 512 1978 subsequenti
525 1907 680 1980 operatione
692 1906 861 1976 accidentali,
873 1924 921 1980 per
938 1923 1020 1978 quam
1031 1905 1177 1978 attingitur
1189 1907 1297 1980 propria

194 1991 293 2046 entitas
310 1995 448 2047 secandum
467 1995 536 2065 quod
551 1995 615 2066 quid
627 2001 677 2048 cat.
715 1991 885 2066 Oonspiratio
904 1997 996 2047 autem
1012 1993 1165 2065 supradicta
1182 2012 1236 2048 non
1255 1999 1298 2049 661

194 2080 379 2149 cognoscentis
400 2081 540 2152 cognitum
557 2080 706 2136 secundum
723 2081 797 2152 quod
814 2079 881 2152 quid
898 2084 948 2149 661,
961 2079 1009 2134 661
1025 2074 1134 2134 tantum
1149 2081 1296 2135 secundum

193 2165 262 2233 qaod
280 2171 317 2218 eat
335 2165 500 2238 simpliciter.
537 2167 670 2220 Attamen
691 2166 720 2221 S.
732 2165 851 2220 Thomas
870 2165 992 2220 admittit
1011 2165 1137 2238 angelum
1153 2184 1202 2238 per
1218 2184 1296 2220 suam

194 2250 374 2305 substantiam
389 2251 508 2325 seipsum
519 2253 677 2308 immediate
694 2270 854 2323 cognoscere
870 2252 1020 2308 secundum
1031 2253 1104 2324 quod
1120 2253 1187 2324 quid
1203 2257 1252 2324 eat,
1264 2259 1297 2308 ut

194 2335 265 2392 infra
277 2338 324 2408 (de
336 2338 446 2394 homine
457 2357 484 2394 n.
497 2339 532 2394 96
543 2339 574 2394 in
589 2339 666 2412 nota)
680 2339 800 2394 dicetur:
820 2344 849 2394 et
860 2339 889 2394 in
901 2331 953 2393 hoc
964 2356 1029 2394 casu
1046 2339 1207 2411 conspiratio
1219 2343 1296 2394 actus

193 2426 222 2478 61
233 2424 343 2487 termini
360 2425 489 2499 compleri
500 2430 591 2498 potest
605 2443 653 2498 per
668 2443 787 2480 amorem
800 2443 856 2480 non
871 2425 959 2480 solum
972 2424 1134 2494 affeotvum,
1148 2425 1195 2480 661
1212 2425 1296 2480 etiam

193 2510 412 2583 appretiativum.

226 2596 293 2670 Pup.
307 2597 348 2652 15.
363 2599 406 2652 tia
420 2599 445 2653 9.
463 2598 570 2670 passive
582 2599 647 2652 odda
655 2598 700 2654 vel
711 2597 802 2670 potius
813 2597 979 2655 ressrltative.

227 2682 293 2754 Pap.
306 2683 349 2737 21.
363 2683 406 2738 lira
420 2684 463 2738 22.
482 2683 543 2738 dico
554 2683 670 2738 formam
680 2684 903 2756 metaphysicam,
916 2685 976 2738 dele.

229 2768 299 2822 Itid.
312 2769 356 2824 lin.
369 2769 412 2824 23.
430 2769 572 2840 physicam
584 2771 650 2824 adde
661 2771 709 2825 661
720 2769 844 2842 logicam.

229 2853 296 2907 Iba'd.
311 2855 354 2907 lisa
368 2854 410 2908 24.
429 2856 615 2927 metaphysica
625 2856 724 2927 6661196
735 2856 824 2928 logica

229 2939 464 3009 66611611.
483 2941 635 2996 concedere.
687 2941 803 2996 Numeri
823 2941 897 2996 enim
917 2947 968 2997 etc.
991 2941 1045 2997 dele
1063 2949 1145 2998 totum
1163 2961 1243 3015 66666
1261 2945 1298 2998 ad

188 3042 252 3094 pap.
265 3025 307 3081 25.
321 3025 365 3080 lin.
380 3026 421 3081 11.
435 3033 459 3081 61
470 3027 570 3098 saraba
584 3033 614 3082 at
627 3028 757 3098 6666611666
775 3028 929 3097 concedere,
941 3028 1049 3100 quando
1064 3029 1156 3101 agitur
1172 3030 1207 3085 de
1224 3028 1295 3084 anti-

192 3109 244 3166 bus
255 3110 367 3183 physice
378 3111 552 3186 simplicibus.
589 3112 662 3169 Nam
673 3113 703 3168 in
715 3114 827 3187 physice
836 3112 1004 3186 simplicibus
1015 3115 1112 3184 gradus
1123 3113 1297 3188 perfectionis

192 3213 247 3251 non
259 3196 361 3254 habent
370 3215 400 3254 66
411 3204 444 3254 11
454 3198 573 3255 11116166
585 3199 726 3266 discretim
745 3204 774 3259 st
784 3201 846 3256 ideo
854 3218 909 3255 non
920 3206 1034 3274 possunt
1044 3201 1180 3274 simplicia
1190 3201 1297 3256 differre

192 3283 264 3339 sicut
280 3285 393 3354 numeri,
407 3301 457 3341 nec
473 3289 579 3342 mutare
596 3286 714 3359 speciem
728 3291 837 3360 propter
850 3287 938 3360 magis
950 3288 995 3342 vel
1012 3287 1103 3343 minua
1115 3287 1296 3361 perfectionis.

192 3369 351 3426 Notandum
359 3372 432 3427 enim
444 3377 494 3443 661,
503 3389 629 3428 numeros
637 3389 685 3446 per
694 3373 863 3429 additionem
871 3374 971 3428 1111611
979 3375 1009 3428 in
1022 3373 1300 3446 6666161111611161-1

193 3461 261 3526 tum,
270 3458 362 3512 acaia
373 3458 454 3528 specie
465 3459 545 3514 aab:
563 3458 598 3514 de
610 3475 665 3531 qua
676 3475 704 3513 re
717 3475 828 3530 agemus
839 3458 911 3514 infra
920 3459 967 3530 (de
979 3459 1173 3528 accidentibus,
1185 3476 1212 3514 n.
1226 3459 1283 3530 74).

228 3543 294 3613 Pap.
308 3544 351 3598 25.
365 3543 409 3600 tta.
424 3545 465 3600 12.
484 3544 582 3618 Itaque
594 3545 693 3615 coms'pa
705 3544 733 3600 S.
746 3545 865 3600 Thomas

229 3627 295 3696 Pap.
308 3628 352 3681 110.
365 3628 409 3682 lin.
424 3629 465 3684 13.
479 3629 591 3702 physice
603 3630 703 3700 666666
713 3629 851 3702 physicus,
863 3647 911 3685 seu

231 3713 296 3782 Pap,
309 3714 352 3770 31.
366 3715 410 3768 laia
423 3715 466 3770 21.
484 3716 581 3788 nequit
592 3733 649 3771 esse
662 3717 762 3786 666166
772 3716 867 3788 nequit
877 3716 972 3772 haberi

230 3798 295 3868 Pop.
308 3800 351 3854 33.
364 3788 412 3855 lisa
423 3801 465 3856 32.
483 3793 682 3872 616116611166
694 3803 795 3873 corripe
807 3803 880 3875 quod
897 3802 927 3858 id
942 3819 996 3874 quo
1011 3803 1186 3858 constituitur
1197 3803 1300 3859 forma·-

196 3885 260 3941 liter
270 3885 385 3941 facultas
709 3901 721 3916 ‘

229 3973 295 4042 Pap.
309 3973 352 4027 34.
366 3973 409 4028 lin.
422 3973 464 4028 28.
478 3973 535 4046 1666
546 3974 580 4028 fit
591 3975 692 4044 coaaiye
702 3974 760 4046 ipse
772 3975 882 4046 ponitur
900 3975 972 4032 intra
984 3977 1118 4048 sphaeram
1133 3976 1296 4048 intellectam,

196 4062 224 4111 et
235 4057 267 4112 fit

230 4143 298 4200 Ila'd.
311 4145 355 4199 lin.
369 4146 412 4200 82.
431 4146 572 4219 praecisivo
584 4147 644 4200 1616.

147 4291 150 4300 ,
231 4231 408 4302 16666666.
423 4232 447 4285 2.
470 4249 528 4286 esse
547 4234 613 4286 adde
634 4232 730 4286 saltem
751 4234 952 4305 aequivalenter,
974 4238 1006 4288 ut
1030 4234 1208 4306 explicabitur
1227 4235 1298 4290 inira

181 4317 235 4386 „(n.
249 4317 307 4388 83),

192 4392 199 4401 ι
