3212 4986
267 347 309 412 ⁷2
725 361 765 402 nn
783 358 911 402 uuuno.
1240 333 1324 416 [car.
1343 351 1367 394 1.

311 531 341 592 4.
370 528 496 591 Obiiciee
513 529 554 589 1⁰.
580 523 720 589 Mundus
741 523 830 586 fluxit
847 544 884 586 ex
904 521 1006 586 divina
1019 520 1141 585 virtute.
1188 518 1249 583 sed
1270 518 1367 582 virtus

269 639 329 703 Dei
345 648 392 702 ert
406 638 538 702 identice
559 636 730 701 substantia
744 635 814 700 Dei.
858 635 942 718 Ergo
960 632 1095 697 mundus
1109 631 1198 696 fluxit
1215 653 1252 694 ex
1267 629 1369 694 divina

269 749 450 814 substantia.

316 861 495 945 Respondeo
510 863 578 924 diat.
590 862 638 924 Μ.
654 858 743 924 fluxit
758 880 794 922 ex
810 858 911 922 divina
926 857 1038 921 virtute
1052 859 1207 941 tamquam
1224 878 1261 919 ex
1281 875 1371 917 causa

272 971 419 1036 efficiente
434 995 459 1035 e.
476 973 535 1050 M„
551 981 708 1056 tamquam
723 991 759 1033 ex
779 991 869 1033 causa
885 967 1034 1032 materiali
1049 991 1077 1030 n.
1094 970 1143 1031 M.
1159 993 1237 1034 coac.
1253 971 1323 1033 mia.
1338 978 1369 1032 et

271 1107 300 1146 a.
317 1105 392 1146 eoae.
440 1083 484 1147 Ut
499 1082 680 1166 pantheietae
695 1080 825 1165 probent
840 1079 1043 1143 substantiam
1059 1080 1168 1143 mundi
1183 1102 1320 1145 manasse
1335 1103 1371 1145 ex

273 1194 445 1258 substantia
466 1193 578 1272 divina,
597 1191 708 1258 debent
734 1214 887 1256 assumere
910 1190 1112 1255 substantiam
1134 1191 1194 1255 Dei
1214 1201 1370 1277 tamquam

273 1327 392 1369 caueam
419 1305 604 1369 materialem
627 1303 745 1383 mundi,
763 1303 841 1367 sicut
863 1302 986 1388 quando
1008 1302 1119 1367 dicitur
1142 1325 1264 1368 manare
1287 1305 1369 1368 rivus

273 1435 309 1477 ex
324 1412 408 1478 fonte
425 1413 515 1478 debet
538 1414 633 1499 accipi
649 1413 717 1477 fons
737 1423 894 1497 tamquam
917 1411 1093 1474 ministrans
1116 1413 1274 1477 materiam
1296 1415 1370 1478 rivo.

274 1523 363 1588 Patet
389 1534 502 1605 autem,
528 1526 671 1590 virtutem
701 1524 868 1610 quamlibet
894 1523 956 1588 eive
982 1523 1127 1603 divinam,
1153 1525 1214 1590 eive
1240 1535 1371 1610 creatam

275 1656 434 1720 nunquam
449 1636 560 1701 habere
580 1659 669 1721 posse
688 1637 837 1701 rationem
860 1657 957 1699 causae
972 1635 1146 1714 materialis,
1162 1658 1258 1720 quum
1273 1637 1369 1701 virtue

275 1747 374 1810 omnia
389 1749 429 1812 ait
444 1749 580 1833 potentia
595 1747 700 1827 activa,
711 1756 741 1812 et
757 1769 847 1812 eausa
858 1746 1023 1811 materialis
1037 1747 1078 1811 eit
1092 1749 1230 1832 potentia
1243 1750 1371 1834 passiva,

274 1878 328 1922 seu
343 1860 503 1943 receptiva.
587 1895 590 1901 ·

319 1972 349 2033 5.
378 1971 503 2036 Obiiciee
518 1975 561 2036 2⁰.
586 1971 727 2036 Mundus
748 1970 881 2035 manavit
907 1993 943 2034 ex
965 1971 1067 2035 divina
1091 1971 1270 2050 substantia,
1292 1972 1317 2035 si
1340 1973 1373 2035 in

275 2080 377 2146 divina
392 2082 563 2149 substantia
573 2085 694 2148 realiter
705 2083 928 2162 continebatur,
940 2083 1118 2168 priusquam
1134 2093 1213 2147 esset
1227 2085 1268 2148 ad
1277 2096 1371 2148 extra.

276 2194 373 2278 Atqui
388 2181 508 2260 realiter
523 2196 738 2261 continebatur
751 2196 784 2258 in
805 2195 907 2259 divina
922 2195 1103 2260 substantia.
1147 2195 1241 2278 Ergo.
1286 2196 1375 2260 Patet

276 2305 380 2383 maior,
408 2306 479 2391 quia
502 2307 585 2392 quod
609 2307 729 2371 realiter
752 2305 926 2370 continetur
949 2306 982 2368 in
1007 2305 1107 2368 divina
1134 2305 1305 2370 substantia
1327 2315 1374 2370 ast

276 2416 448 2479 substantia
473 2417 543 2480 Dei.
593 2417 699 2480 Minor
724 2416 871 2500 probatur
882 2441 892 2493 3
915 2438 987 2479 nam
1011 2415 1079 2479 fons
1104 2417 1202 2479 omnis
1227 2403 1374 2481 realitatie

276 2528 414 2591 continet
433 2528 554 2591 realiter
569 2551 659 2592 omne
680 2527 761 2613 quod
776 2536 823 2591 est
841 2515 894 2590 aut
908 2549 974 2591 esse
994 2535 1111 2611 potest:
1136 2526 1189 2591 aed
1205 2527 1375 2593 substantia

275 2637 335 2701 Dei
350 2647 397 2701 est
411 2639 481 2702 fone
495 2639 595 2702 omnin
611 2639 775 2716 realitatie;
798 2660 881 2722 ergo.
983 2671 986 2678 =

319 2749 503 2833 Respondeo
526 2752 592 2814 dut.
610 2752 658 2814 M.
676 2750 701 2813 ai
725 2735 939 2814 continebatur
953 2749 1073 2813 realiter
1090 2749 1257 2814 formaliter
1271 2775 1294 2814 e.
1313 2754 1376 2832 M.;

276 2862 301 2924 ei
317 2860 532 2925 continebatur
546 2860 666 2924 realiter
680 2861 851 2925 virtualiter
864 2869 895 2924 et
909 2861 1078 2924 eminenter
1092 2884 1122 2924 a.
1136 2863 1185 2924 M.
1198 2871 1229 2924 et
1244 2865 1374 2926 contrad.

275 2975 345 3036 min.
366 2995 395 3034 a.
420 2994 498 3036 cona.
543 2972 595 3035 Ad
620 2972 831 3056 probationem
857 2972 979 3036 maioris
1005 2960 1073 3036 disi.
1101 2972 1183 3056 quod
1207 2973 1327 3036 realiter
1346 2983 1376 3038 et

276 3080 446 3144 secundum
469 3104 556 3146 auam
582 3072 740 3146 formalem
767 3082 926 3146 entitatem
950 3071 1125 3146 continetur
1148 3081 1181 3144 in
1206 3082 1378 3148 substantia

268 3193 346 3272 nei,
362 3192 438 3256 illud
455 3201 500 3256 eet
517 3193 687 3257 substantia
701 3193 761 3256 Dei
778 3216 868 3272 eona,
884 3194 969 3278 quod
987 3193 1106 3257 realiter
1121 3193 1291 3258 eminenter
1305 3218 1377 3260 con-

268 3307 394 3369 tinetur
416 3306 449 3368 in
474 3305 645 3369 substantia
673 3303 744 3380 Dei,
766 3305 844 3368 illud
858 3294 860 3298 ¹
873 3313 920 3368 est
950 3305 988 3369 de
1018 3305 1188 3369 substantia
1210 3306 1271 3370 Dei
1294 3331 1376 3392 nepo.

279 3418 425 3483 Similiter
440 3418 479 3481 ad
501 3405 711 3502 probationem
726 3416 853 3480 minoris
875 3419 944 3481 diat.
962 3419 1010 3481 M.
1027 3419 1096 3482 fone
1118 3419 1218 3482 omnis
1232 3419 1378 3485 realitatis

279 3531 415 3594 eontinet
438 3530 484 3594 vel
501 3529 670 3594 formaliter
688 3528 735 3592 vel
753 3528 924 3592 eminenter
943 3515 1076 3593 omnem
1087 3530 1256 3594 realitatem
1275 3555 1300 3595 c.
1317 3534 1378 3612 M„

278 3631 415 3707 continet
435 3642 602 3706 formaliter
628 3663 750 3705 ornnem
775 3640 942 3704 realitatem
965 3642 1046 3704 subd.
1067 3642 1231 3726 perfectam
1253 3652 1284 3706 et
1307 3644 1378 3706 sim-

278 3743 398 3841 plicem·
413 3778 491 3820 conc.
508 3756 555 3816 M.
559 3802 568 3833 ,
584 3753 793 3838 imperfectam
808 3776 838 3816 rr.
855 3754 904 3815 M.
920 3762 951 3815 et
966 3775 1108 3816 concessa
1122 3754 1240 3817 minore
1254 3777 1284 3817 rr.
1300 3779 1377 3820 eoae.

280 3869 380 3948 Patet,
401 3853 501 3930 lucem
521 3853 599 3928 ¹solis
622 3887 688 3928 esee
710 3864 827 3927 fontem
854 3851 992 3927 omnium
1016 3865 1172 3944 colorum3
1195 3888 1251 3929 nec
1276 3875 1381 3932 tamen

282 4003 404 4044 necesse
425 3985 472 4042 ent
494 3977 592 4040 lucem
616 3976 691 4050 solia
714 3997 780 4039 esec
801 3975 969 4040 formaliter
990 3976 1116 4040 viridem
1139 3985 1192 4040 aut
1214 3977 1382 4044 formaliter

282 4091 419 4167 rubram,'
446 4098 499 4152 aut
528 4087 695 4152 formaliter
724 4088 900 4167 caeruleam3
935 4087 988 4151 sed
1018 4089 1129 4153 sufficit
1162 4098 1199 4152 ut
1227 4091 1382 4157 contineat

284 4200 509 4288 quodammodo
543 4185 712 4265 eminenter
744 4222 852 4264 ornnes
881 4198 1015 4264 colores:
1046 4200 1193 4280 similiter,
1223 4209 1254 4264 et
1283 4203 1383 4269 multo

284 4312 392 4398 magia,
408 4310 494 4374 Deus
514 4324 559 4374 est
575 4310 643 4375 fons
663 4311 763 4374 omnis
784 4295 930 4374 realitatis
940 4336 950 4389 3
974 4311 1027 4375 sed
1048 4334 1110 4376 non
1129 4311 1265 4396 sequitur
1280 4312 1382 4380 Deum
