3212 4986
283 371 305 432 6
436 395 438 400 ·
768 395 811 438 na
828 395 902 440 nso.
1256 371 1343 456 [osa.
1360 391 1384 434 1.

283 555 430 642 gentiam,
445 557 628 639 libertatem,
644 566 713 638 etc,
727 557 968 643 intelligeremus
990 556 1055 622 brec
1076 554 1224 622 attribute
1245 563 1337 640 prout
1350 554 1383 618 in

284 666 352 752 ipso
366 667 434 733 Dec
456 677 547 735 sunt:
570 668 639 733 ideo
660 667 744 734 enim
765 689 915 753 negamus
937 666 1077 747 limitem,
1090 665 1162 750 quia
1184 664 1384 751 perfectiones

283 776 345 842 illm
366 801 385 842 a
405 779 494 845 nobie
515 780 615 865 primo
637 788 864 864 cognoscuntur
881 778 914 843 in
934 777 1026 844 rebus
1045 778 1201 842 limitetis:
1232 786 1263 843 at
1286 777 1312 841 si
1334 797 1383 842 cc·

284 899 505 973 gnoscereutur
524 892 625 977 primo
647 891 680 954 iu
695 900 766 956 ente
779 891 911 969 infinito,
926 897 1183 974 cognoscerentur
1197 911 1234 954 ex
1247 896 1313 953 toto
1328 910 1383 974 po-

284 999 382 1080 sitive,
397 1023 454 1066 nec
469 1004 654 1088 cogitaretur
667 1002 756 1067 limes
770 1002 824 1088 qui
838 1002 1057 1068 excluderetur.

329 1110 458 1192 Quarto,
473 1114 499 1178 si
513 1115 606 1179 bomo
620 1113 714 1179 habet
729 1114 877 1179 directum
893 1123 924 1178 et
937 1111 1150 1178 immediatum
1165 1110 1314 1176 intuitum
1329 1133 1383 1176 eu·

283 1219 383 1287 titatis
397 1222 467 1303 Dei,
482 1224 574 1289 homo
587 1223 716 1310 positive
729 1223 813 1292 videt
826 1223 984 1288 inlinitum
998 1231 1087 1287 actu:
1109 1221 1196 1306 etqui
1210 1222 1302 1286 bomo
1319 1243 1383 1286 uon

283 1330 367 1396 videt
388 1334 517 1418 positive
539 1333 696 1399 infinitum
717 1343 788 1399 actu
799 1359 809 1414 3
831 1356 905 1419 ergo
927 1355 990 1398 non
1011 1332 1105 1398 habet
1121 1332 1216 1396 homo
1232 1332 1321 1397 illum
1335 1332 1383 1398 in·

283 1441 399 1508 tuitum
421 1443 491 1509 Dei.
537 1445 639 1511 Maior
660 1452 800 1522 constat;
824 1445 897 1531 quia
919 1445 945 1510 si
968 1443 1082 1529 species
1103 1443 1251 1528 impressa
1272 1464 1382 1529 repre*

284 1561 417 1619 sentaret
431 1555 588 1620 inlinitum
603 1557 636 1620 iu
658 1557 806 1641 potentia,
822 1579 885 1620 nou
905 1563 1136 1641 repraesentaret
1150 1554 1273 1619 Deumr
1296 1554 1382 1622 Deus

283 1664 366 1729 enim
386 1675 432 1730 est
454 1666 594 1732 infinitus
613 1676 693 1733 actu.
739 1667 845 1731 Minor
864 1689 933 1732 vero
953 1666 1076 1730 evidens
1094 1674 1159 1744 est;
1182 1665 1264 1750 quia,
1285 1687 1382 1751 quum

284 1773 361 1839 vires
383 1777 555 1861 appetitiva
577 1785 745 1863 sequantur
765 1777 947 1842 naturaliter
975 1775 1220 1861 apprehensione,
1243 1778 1269 1840 si
1290 1777 1383 1841 homo

283 1885 399 1950 videret
413 1887 540 1972 positive
556 1911 610 1952 ens
624 1897 660 1952 ut
674 1897 746 1953 actu
760 1887 915 1953 infinitum
931 1897 962 1952 et
977 1897 1197 1973 consequenter
1211 1897 1246 1954 ut
1266 1888 1382 1954 bonum

283 1995 449 2078 infinitum,
460 2008 631 2065 moveretur
643 2000 811 2064 secundum
822 2007 920 2064 totam
933 2000 1188 2084 potentialitatem
1203 2000 1329 2065 affectus
1344 2000 1384 2065 ad

282 2106 360 2173 illud
375 2111 551 2192 amandum,
563 2111 607 2176 ita
621 2124 656 2176 ut
670 2134 735 2176 non
748 2119 852 2197 posset
867 2110 984 2197 aliquid
998 2111 1081 2176 aliud
1096 2134 1207 2191 amare,
1218 2113 1279 2176 nisi
1293 2113 1383 2178 unice

281 2229 407 2304 propter
428 2221 540 2306 ipsum.
586 2223 655 2288 Hoc
677 2232 781 2288 autem
802 2223 963 2288 fatendum
985 2231 1032 2288 est
1053 2245 1117 2287 non
1138 2223 1213 2302 fieri,
1236 2224 1383 2309 quamdiu

282 2330 385 2397 Deum
396 2336 523 2399 cidemw
530 2359 588 2420 per
598 2336 744 2421 speculam
755 2338 955 2421 icaeniymuta
966 2335 1019 2401 sed
1029 2343 1249 2416 tunctantum,
1259 2337 1384 2422 quando

282 2441 453 2509 videbimus
462 2468 532 2510 eum
541 2445 623 2529 facie
633 2447 675 2511 ud
680 2447 801 2531 samon,
813 2454 844 2510 ct
856 2468 953 2531 quum
964 2446 1072 2510 similes
1082 2448 1110 2509 ei
1121 2448 1236 2525 erimus,
1249 2449 1385 2530 quoniam

281 2559 439 2622 uidebimus
460 2581 524 2621 enm
544 2559 632 2622 uenti
646 2565 699 2622 eat.
745 2557 818 2622 Non
834 2579 907 2640 ergo
921 2557 1013 2620 babet
1027 2555 1120 2621 homo
1134 2578 1218 2622 nuuc
1233 2557 1382 2621 intuitum

280 2669 492 2733 immediatum
515 2667 653 2732 entitatis
667 2667 737 2746 Dei,
753 2667 807 2731 sed
827 2667 911 2732 videt
925 2667 1028 2732 Deum
1050 2689 1106 2752 per
1127 2676 1280 2732 creaturas
1302 2677 1380 2733 tam·

282 2803 375 2864 quam
383 2803 441 2864 per
454 2781 610 2864 apamiam,
621 2790 652 2843 et
667 2778 792 2864 quidem
806 2781 838 2843 ic
851 2781 1003 2863 aenigmate
1013 2786 1146 2857 tantum,
1156 2779 1228 2863 quia
1239 2788 1383 2846 creatura

281 2901 355 2956 sunt
372 2900 530 2976 tamquam
548 2892 619 2955 data
627 2891 828 2975 problematis,
844 2913 881 2955 ex
894 2889 1008 2976 quibus
1021 2889 1230 2956 ratiocinando
1245 2893 1285 2957 ad
1299 2892 1382 2958 sclu-

280 3003 406 3081 tionem,
421 3001 454 3066 id
469 3010 515 3066 est
527 3002 565 3067 ad
581 3010 762 3086 conceptum
777 3002 848 3082 Dei,
862 3003 1046 3087 pervenitur.

324 3112 452 3193 Quinto,
463 3113 539 3178 ratio
549 3111 588 3176 cb
600 3135 691 3199 quam
703 3105 811 3178 volunt
825 3113 960 3197 catologi
973 3135 1029 3178 nos
1043 3111 1155 3178 habere
1169 3113 1380 3180 immediatum

280 3226 429 3291 intuitum
443 3224 512 3304 Dei,
526 3233 563 3288 ut
578 3225 657 3289 entis
674 3224 860 3309 simpliciter,
876 3225 1009 3308 estquis
1026 3225 1069 3288 sic
1088 3223 1251 3289 habebitur
1269 3227 1380 3291 funda·

280 3345 429 3416 mentum,
445 3358 506 3421 quo
528 3335 694 3421 explicetur
715 3336 801 3420 origo
823 3335 970 3399 idearum.
1014 3335 1112 3420 Atqui
1133 3336 1240 3419 nequit
1262 3337 1313 3402 bic
1332 3339 1380 3403 in·

278 3450 376 3514 tuitus
405 3469 471 3511 esse
498 3447 745 3526 fundamentum,
774 3467 836 3531 quo
864 3446 951 3529 origo
979 3445 1117 3509 idearum
1142 3446 1318 3530 explicetur,
1342 3458 1378 3513 ut

277 3569 435 3625 ostensum
450 3567 496 3622 est
511 3559 543 3622 in
553 3566 684 3622 tractatu
696 3557 867 3621 dehomine
879 3557 922 3640 (n.
932 3557 1001 3639 98).
1046 3555 1129 3639 Ergo
1138 3557 1246 3640 nequit
1255 3558 1377 3624 admitti

277 3673 348 3737 talis
362 3671 495 3735 intuitus
509 3669 716 3734 immediatus.
897 3661 898 3664 '

241 3787 244 3792 '
320 3786 352 3846 5.
380 3783 507 3844 Obiics’ea
519 3782 562 3843 1⁰.
584 3780 650 3843 Ena
660 3776 817 3842 infinitum
832 3778 940 3862 nequit
955 3778 1098 3860 cognosci
1112 3799 1166 3861 per
1177 3777 1281 3858 aliud;
1305 3803 1379 3864 ergo

274 3891 417 3978 cognosci
439 3891 530 3956 debet
551 3912 607 3975 per
628 3889 776 3954 intuitum
799 3888 948 3952 directum
967 3896 998 3952 et
1016 3887 1239 3955 immediatum.
1284 3891 1377 3956 Prob.

274 4015 338 4070 ant.
355 4005 437 4068 Nam
452 4002 521 4067 idea
534 4001 616 4065 finiti
631 4000 751 4065 infinite
766 3999 868 4064 deficit
883 3999 921 4064 ab
937 3999 1004 4064 idea
1019 3998 1154 4078 infiniti3
1176 4023 1249 4084 ergo
1269 4005 1376 4088 nequit

273 4115 415 4200 cognosci
433 4112 591 4178 infinitum
611 4134 665 4196 per
684 4111 799 4196 aliquid
816 4110 958 4187 finitum,
982 4131 1055 4194 ergo
1079 4133 1133 4196 per
1156 4133 1188 4175 se
1207 4113 1309 4196 ipsum
1325 4136 1375 4178 oo-

273 4225 379 4314 gnosci
394 4223 495 4289 debet.

314 4336 495 4422 Respondeo
510 4336 578 4399 diat.
591 4342 652 4399 cut.
662 4331 805 4418 cognosci
820 4330 963 4396 intuitivc
979 4338 1009 4395 et
1024 4329 1200 4398 immediate
1209 4357 1286 4401 emec.
1298 4346 1374 4419 ont,
