3212 4986
228 366 297 410 car.
316 347 387 430 ιιι]
712 367 754 409 ιιι
771 365 846 408 nno.
1289 341 1332 404 63

273 532 356 596 Hine
386 540 511 616 apparet
536 541 704 595 creaturam
731 553 796 594 esse
821 528 1003 594 imitativam
1027 529 1076 593 sui
1091 528 1242 594 Creatoris
1268 551 1331 592 non

229 643 327 708 solum
349 644 452 728 quoad
465 645 610 708 urtutem
631 644 826 727 operativum,
843 641 896 706 sed
916 642 1007 706 etism
1026 641 1126 726 quoad
1142 650 1243 706 aetum
1259 663 1331 726 ope·

229 753 334 818 randi:
357 762 500 838 operatur
525 753 607 816 enim
633 753 724 817 etiam
751 761 889 817 creatura
914 775 968 837 per
995 752 1162 838 simplicem
1186 752 1331 817 termina-

228 867 344 931 tionem
363 888 428 931 suae
447 865 570 929 virtutis
590 864 630 929 ad
649 864 815 928 terminum
835 863 1043 948 potentialem,
1062 887 1154 949 quem
1174 864 1246 929 facit
1266 887 1331 929 esse

152 963 156 974 ¹
229 977 262 1041 in
278 985 349 1040 actu
364 977 397 1040 iu
413 976 514 1062 eliqua
525 976 622 1060 specie
634 985 720 1039 actus
732 975 819 1039 cuius
830 975 998 1060 potentiam
1010 974 1112 1040 habet.
1159 975 1219 1039 Sed
1231 975 1333 1060 quoad

232 1098 336 1152 actum
351 1087 487 1172 patiendi
508 1087 619 1151 realem
637 1085 810 1171 passionem
828 1094 966 1150 creatura
984 1107 1048 1150 uon
1067 1086 1205 1150 imitatur
1219 1087 1331 1166 Deum,

230 1201 284 1284 qui
307 1198 385 1262 nihil
409 1198 475 1284 pati
499 1207 611 1284 potest,
627 1197 681 1262 sed
706 1197 845 1262 imitatur
870 1196 1012 1276 nihilum,
1028 1221 1065 1262 ex
1090 1221 1151 1283 quo
1175 1199 1331 1264 educitur:

231 1311 310 1375 sicut
324 1309 406 1374 enim
422 1310 554 1373 nihilum
570 1309 744 1374 absolutum
757 1316 803 1374 est
814 1308 974 1388 terminus,
986 1331 1024 1373 ex
1034 1332 1095 1394 quo
1105 1319 1190 1375 actus
1202 1312 1333 1376 creantis

232 1422 334 1487 educit
357 1421 570 1500 substantiam,
594 1421 637 1486 ita
659 1420 789 1485 nihilum
812 1420 972 1485 relativum
998 1422 1099 1506 (quale
1121 1431 1167 1487 est
1197 1425 1334 1508 potentia

232 1533 402 1616 actuabilis)
419 1542 465 1598 est
480 1533 630 1598 terminus
645 1555 682 1597 ex
697 1555 758 1618 quo
773 1542 859 1596 actus
873 1533 995 1597 virtutis
1013 1542 1123 1599 creatae
1142 1534 1245 1599 educit
1264 1557 1334 1619 pas-

232 1646 347 1709 sionem
362 1645 555 1710 substantiae.

277 1761 329 1824 ⁷7.
352 1757 465 1836 Tertio,
481 1765 593 1842 praeter
608 1778 673 1820 esse
689 1755 870 1820 substantiae
885 1763 915 1819 et
930 1778 995 1820 esse
1010 1779 1120 1836 causae,
1136 1757 1336 1842 participatur

232 1877 379 1934 creaturae
394 1891 459 1933 ease
473 1868 506 1932 in
520 1871 572 1932 ubi
586 1881 617 1932 et
631 1869 663 1931 in
680 1869 805 1953 quando.
844 1868 949 1945 Quum
966 1869 1047 1933 enim
1063 1869 1217 1934 aeternitas
1233 1879 1263 1933 et
1277 1871 1335 1933 im-

232 1982 378 2046 mensitas
389 1980 450 2046 Dei
465 1982 527 2045 sint
542 1981 606 2066 ipse
615 1980 712 2059 Deus,
728 1981 828 2066 posito
843 1988 913 2044 actu
924 1980 984 2044 Dei
999 1981 1138 2061 creativo,
1154 1981 1337 2045 terminatur

234 2094 273 2159 ad
287 2101 371 2158 extra
385 2093 555 2158 virtualitas
571 2092 750 2158 aeternitatis
765 2114 819 2176 per
834 2093 948 2176 quando
958 2100 1114 2171 creaturae,
1125 2101 1155 2156 et
1167 2094 1336 2159 virtualitas

173 2259 178 2268 .
234 2206 449 2270 immensitatis
464 2227 518 2290 per
532 2206 584 2268 obi
598 2212 754 2284 creaturae,
770 2216 806 2268 ut
822 2205 937 2269 dictum
954 2212 1000 2268 est
1017 2204 1050 2267 in
1068 2214 1201 2269 tractatu
1224 2207 1261 2270 de
1281 2207 1336 2271 tri-

235 2317 294 2381 bus
315 2316 469 2381 continuis
495 2319 540 2400 (n.
557 2318 654 2394 8-12,
669 2338 701 2380 ιι.
717 2318 837 2399 35-38)
860 2324 891 2380 et
907 2315 944 2379 de
959 2315 1165 2380 accidentibus
1183 2318 1226 2398 (n.
1243 2321 1273 2396 5,
1290 2318 1336 2400 6).

238 2427 357 2492 sivero
372 2436 509 2492 creatura
524 2427 564 2490 sit
579 2426 756 2512 spiritualis,
772 2434 803 2490 et
818 2434 853 2491 ut
869 2427 911 2491 sic
923 2448 985 2490 non
1000 2425 1110 2490 habeat
1132 2427 1253 2512 proprie
1274 2427 1337 2492 dic-

236 2548 303 2604 tum
318 2541 369 2603 ati
384 2538 417 2603 in
438 2538 652 2618 immensitate,
668 2538 792 2603 habebit
814 2541 865 2602 ubi
885 2537 1042 2623 spirituale
1060 2547 1126 2602 tum
1147 2547 1183 2602 ut
1206 2540 1338 2605 existens

237 2659 357 2715 actuata
380 2651 458 2715 cirea
473 2651 708 2715 determinatum
724 2651 890 2714 terminum
906 2649 1164 2734 intelligibilitatis
1178 2651 1337 2732 absolutae,

237 2763 320 2849 quod
342 2772 389 2826 est
411 2785 476 2826 esse
498 2763 531 2826 in
552 2764 603 2826 ahi
625 2785 678 2848 per
700 2762 900 2842 intellectum,
915 2771 983 2825 tum
1006 2770 1042 2825 ut
1064 2762 1195 2827 existens
1218 2773 1340 2828 actuata

239 2875 317 2940 circa
340 2875 574 2938 determinatum
598 2874 764 2938 terminum
788 2873 983 2937 amabilitatis
1006 2872 1163 2952 absolutae,
1187 2876 1270 2960 quod
1292 2889 1339 2941 est

238 3011 303 3053 esse
316 2987 350 3051 in
364 2989 415 3051 ubi
429 3009 483 3071 per
494 2985 694 3064 voluntatem,
706 2994 759 3049 aut
774 3008 828 3070 per
837 2985 1098 3070 complacentiam.
1136 2986 1218 3051 Vide
1227 2996 1339 3053 tracta-

239 3107 306 3163 tum
322 3099 360 3163 de
374 3097 582 3163 accidentibus
599 3099 642 3181 (n.
661 3099 713 3176 12,
730 3098 781 3174 13,
796 3097 869 3160 item
885 3119 916 3159 n.
933 3098 1064 3180 4044).
1139 3158 1141 3164 ,

284 3213 336 3276 78.
361 3209 489 3289 Quarto,
505 3232 601 3294 quum
615 3208 766 3272 terminus
781 3208 942 3272 creationis
957 3208 997 3271 sit
1016 3208 1188 3274 substantia
1206 3219 1340 3291 tantum,

241 3321 334 3387 videri
349 3330 452 3407 posset
467 3321 550 3408 quod
568 3320 735 3384 accidentia
757 3342 820 3384 non
842 3319 1001 3403 indigeant
1022 3321 1203 3406 participare
1226 3324 1341 3409 aliquid

241 3434 280 3499 de
302 3447 373 3500 actu
395 3435 535 3514 creativo,
557 3455 614 3497 nec
637 3432 730 3496 ullam
754 3432 893 3496 exhibere
916 3432 1146 3498 similitudinem
1170 3435 1341 3501 divinarum

241 3547 484 3631 perfectionum:
507 3553 643 3609 attamen
665 3543 758 3607 etiam
778 3543 955 3623 accidentia,
971 3545 1003 3607 io
1025 3553 1165 3627 quantum
1179 3556 1256 3626 aaut,
1271 3548 1342 3612 imi-

242 3666 347 3722 tantur
359 3678 415 3720 suo
426 3655 518 3720 modo
529 3655 646 3720 divinas
658 3655 866 3739 perfectiones.
914 3656 982 3719 Hoc
997 3665 1099 3719 autem
1115 3657 1183 3721 ideo
1198 3667 1254 3737 cst,
1271 3660 1343 3744 quia

243 3771 322 3836 sicut
339 3792 405 3834 esse
423 3768 587 3833 accidentis
608 3776 654 3831 est
669 3790 734 3831 esse
749 3768 779 3832 vi
795 3767 977 3834 substantiae
991 3778 1100 3834 creatae
1116 3792 1133 3832 a
1148 3792 1209 3854 qua
1224 3780 1280 3850 cst,
1297 3771 1343 3837 vel

243 3885 330 3948 cuius
345 3892 391 3948 est
406 3882 557 3962 accidens,
573 3881 662 3945 debet
681 3880 820 3945 accidens
841 3881 954 3945 imitari
977 3881 1180 3946 substantiam
1201 3893 1342 3965 creatam,

243 3997 321 4059 sicut
335 3995 403 4060 haec
417 3994 556 4058 imitatur
572 4015 662 4056 suum
674 4001 838 4056 creatorem
853 4017 860 4055 :
883 3999 914 4055 et
930 3991 972 4056 sic
987 3992 1126 4056 accidens
1141 3992 1179 4056 ab
1195 3994 1261 4078 ipsa
1272 3997 1344 4061 sub-

243 4107 356 4172 stantia
377 4113 478 4170 creata
498 4104 590 4169 habet
609 4103 692 4188 quod
712 4104 814 4188 aliquo
829 4103 921 4168 modo
936 4103 1096 4189 participet
1112 4105 1345 4173 similitudinem

243 4242 313 4284 cum
329 4218 406 4282 Deo.
451 4217 556 4303 Atque
577 4215 649 4279 hinc
671 4223 718 4279 est
741 4214 824 4299 quod
846 4215 878 4277 iu
900 4215 983 4278 omni
1007 4215 1162 4280 accidente
1181 4239 1346 4301 possumus

242 4330 301 4394 tria
319 4329 517 4412 distinguere,
533 4349 642 4411 nempe
661 4326 776 4411 aliquid
789 4349 845 4409 per
867 4326 980 4389 modum
1003 4336 1095 4405 actuo,
1112 4327 1195 4412 quod
1218 4329 1257 4392 sit
1278 4329 1346 4395 loco
