3240 4986
280 336 324 401 96
746 359 789 401 us
806 357 937 402 murno.
1250 335 1338 420 [car.
1356 355 1378 397 1.

280 517 449 582 universale
470 540 542 583 cum
564 517 720 584 collectiva
742 519 953 598 confunditur,
975 525 1007 582 et
1028 517 1215 596 humanitas,
1238 539 1307 602 quae
1334 527 1382 582 est

279 629 512 698 constitutivum
527 631 770 717 metaphysieum
784 630 929 710 hominis,
941 630 1089 715 accipitur
1103 651 1159 715 pro
1174 651 1294 693 summa
1306 651 1380 714 qua·

280 741 350 806 dam
366 742 505 806 omnium
520 743 757 807 constitutorum
773 742 886 807 simul:
909 763 945 806 ex
959 763 1021 827 quo
1036 749 1222 826 sequeretur,
1237 740 1381 804 humani·

278 859 383 930 tatem,
400 874 468 937 quac
481 852 576 918 estin
592 853 725 933 Socrate,
740 874 803 917 non
818 874 883 917 esse
898 852 958 916 nisi
972 861 1091 936 partem
1105 852 1327 931 humanitatis;
1349 860 1382 916 ct

277 985 332 1048 per
353 987 421 1028 eam
437 964 575 1029 Socrates
597 986 660 1029 non
682 964 918 1030 constitueretur
939 964 1042 1044 homo,
1065 963 1137 1049 quia
1158 964 1267 1049 nequit
1288 962 1381 1027 homo

277 1074 423 1139 constitui
437 1096 491 1160 per
505 1083 623 1161 partem
639 1076 688 1142 sui
702 1075 902 1140 constitutivi.
941 1075 1081 1140 Secundo
1097 1075 1281 1160 supponitur
1297 1074 1380 1160 quod

276 1186 453 1252 humanitas
468 1188 500 1252 iu
514 1187 678 1252 universali
691 1187 802 1252 habeat
817 1187 942 1251 unicum
957 1195 1059 1251 actum
1082 1185 1250 1252 existentiae
1269 1187 1383 1251 identi-

185 1302 188 1312 ’
277 1321 348 1378 cum
362 1299 396 1362 in
411 1297 542 1383 singulis
557 1299 744 1364 individuis:
766 1299 825 1363 hoc
839 1320 910 1364 veru
924 1306 971 1362 est
985 1296 1159 1362 irrationale
1175 1301 1209 1361 1⁰
1222 1298 1296 1382 quia
1310 1298 1379 1361 uni-

276 1411 390 1477 versale
416 1411 489 1476 dicit
513 1411 676 1476 essentiam
702 1410 830 1475 idealem
854 1432 918 1475 non
941 1409 1152 1475 existentiam:
1190 1413 1225 1475 2⁰
1248 1411 1320 1494 quia
1343 1432 1379 1474 eo

278 1522 378 1602 m'odo,
394 1545 456 1608 quo
470 1523 573 1588 existit
587 1523 620 1586 in
635 1522 810 1601 individuis,
826 1522 919 1586 habet
934 1521 1093 1586 distinctos
1114 1531 1201 1586 actus
1220 1522 1379 1602 existendi,

276 1643 344 1699 tum
360 1634 528 1700 secundum
550 1634 764 1714 substantiam,
779 1643 846 1699 tum
870 1633 1038 1698 secundum
1058 1634 1169 1712 locum,
1182 1642 1249 1698 tum
1273 1656 1380 1699 secun·

276 1745 351 1812 dum
366 1755 499 1832 ternpus,
511 1756 580 1812 tum
595 1746 762 1812 secuudum
779 1747 837 1811 ulia
851 1747 992 1831 plurima,
1009 1769 1077 1832 quae
1092 1768 1154 1810 non
1169 1754 1299 1831 possunt
1314 1767 1389 1811 csse·

276 1859 382 1923 codem
394 1868 465 1926 actu
479 1859 519 1924 ob
530 1867 665 1944 apertam
681 1858 970 1924 contradictionem:
993 1861 1028 1922 3⁰
1050 1858 1199 1942 quianon
1214 1856 1318 1921 omnia
1332 1859 1379 1921 in·

276 1972 401 2038 dividua
410 1971 574 2057 possibilia,
585 1994 653 2057 quae
663 1971 860 2037 continentur
869 1971 926 2035 sub
938 1970 1129 2034 humanitate
1142 1969 1312 2048 universali,
1324 1969 1378 2033 ha-

276 2084 352 2148 bent
366 2093 468 2149 actum
491 2084 658 2162 existendi3
689 2093 719 2148 et
735 2083 777 2149 sic
792 2083 968 2147 humanitas
983 2082 1161 2146 universalis
1175 2103 1239 2145 non
1253 2076 1378 2146 haberet

275 2196 468 2261 existentiam
489 2196 549 2260 nisi
564 2197 733 2261 secundum
748 2195 850 2280 aliqua
863 2193 1030 2273 individua,
1044 2201 1076 2257 et
1091 2201 1204 2258 careret
1219 2192 1379 2257 existentia

276 2306 444 2374 secundum
473 2307 594 2372 infinita
623 2307 681 2372 ulia
709 2306 885 2372 individua:
917 2305 1072 2369 evidenter
1100 2313 1203 2370 autem
1226 2314 1379 2389 repugnat

275 2420 435 2485 existentia
453 2442 522 2506 quae
540 2442 604 2484 non
619 2419 659 2484 sit
673 2427 748 2497 tota,
764 2441 861 2505 quum
876 2418 1004 2482 existere
1018 2440 1082 2481 non
1096 2417 1207 2480 habeat
1221 2424 1332 2501 partes,
1347 2425 1381 2480 et

208 2509 213 2517 ἱ
275 2531 374 2595 multo
389 2531 487 2616 magis
502 2539 654 2616 repugnat
669 2530 828 2595 existentia
848 2529 967 2593 infinite
990 2528 1132 2592 deficiens
1149 2531 1188 2592 ab
1208 2527 1377 2592 existentia.

276 2643 389 2722 Tertio,
417 2643 471 2728 qui
491 2643 564 2708 dicit
585 2642 713 2707 eandem
733 2652 874 2706 naturam
900 2640 1066 2704 humanam
1089 2639 1288 2704 universalem
1314 2655 1385 2703 esse

275 2755 443 2820 formaliter
461 2758 493 2819 in
512 2757 643 2820 omnibus
662 2756 752 2818 umal
766 2752 942 2832 individuis,
957 2775 1019 2816 non
1039 2759 1141 2837 potest
1156 2737 1250 2816 vitare
1271 2750 1378 2815 incon-

276 2869 411 2948 veniens,
426 2868 509 2954 quod
524 2868 628 2932 omnis
641 2866 798 2930 individua
811 2865 927 2929 habent
949 2865 1076 2930 unicum
1095 2872 1198 2929 actum
1218 2863 1378 2942 existendi,

188 2977 192 2984 ’
275 3000 372 3063 quum
387 3001 452 3044 esse
466 2987 538 3043 actu
552 2987 584 3042 ct
598 3000 664 3042 esse
678 2977 846 3042 formaliter
859 2976 942 3041 idem
957 2985 1083 3041 sonent:
1108 2975 1133 3039 si
1148 2997 1221 3058 ergo
1237 2997 1317 3039 unus
1331 2983 1380 3039 est

274 3099 361 3154 actus
380 3087 525 3167 formulis,
546 3110 628 3153 unus
645 3098 691 3152 est
709 3095 795 3152 actus
815 3087 993 3166 existentia,
1009 3109 1062 3151 seu
1080 3109 1143 3151 una
1163 3086 1323 3150 existentia
1342 3087 1375 3149 in

274 3200 438 3277 omnibus;
461 3208 492 3264 et
507 3199 549 3263 sic
564 3198 721 3263 individua
736 3198 787 3263 illa
802 3206 893 3263 erunt
908 3209 979 3262 actu
991 3198 1175 3263 distinctaet
1185 3196 1375 3276 indistincta,

274 3333 372 3375 unum
386 3319 419 3375 et
433 3333 496 3375 non
511 3333 608 3374 unum
625 3319 682 3374 etc.
1429 3295 1434 3306 ’

318 3423 363 3488 Ut
378 3433 480 3488 autem
496 3422 534 3487 ad
549 3446 613 3487 rem
628 3422 755 3508 propius
772 3422 962 3501 accedamus,
977 3422 1204 3487 consideremus
1223 3422 1377 3506 quomodo

275 3535 376 3620 Hegel
398 3527 789 3620 concipiatcogitationam
815 3557 902 3599 suam
932 3534 1175 3619 impersonalem.
1221 3533 1378 3618 Cogitatio

274 3648 428 3714 abstracte
454 3657 586 3733 sumpta,
606 3671 659 3712 seu
683 3648 761 3727 idea,
784 3655 877 3732 prout
901 3646 1051 3711 abstrahit
1076 3645 1115 3710 ab
1141 3647 1225 3710 omni
1248 3668 1379 3730 persona

275 3761 429 3845 cogitante
450 3768 482 3824 et
497 3758 536 3823 ab
551 3760 635 3823 omni
650 3758 768 3823 obiecto
783 3759 926 3843 cogitate,
940 3767 989 3822 est
1004 3781 1059 3842 pro
1075 3756 1176 3841 Hegel
1190 3757 1376 3842 principium

273 3896 375 3937 rerum
397 3870 534 3935 omnium
556 3871 590 3934 in
612 3869 719 3934 ordine
742 3868 804 3935 sive
824 3868 913 3933 ideali
930 3869 992 3933 sive
1007 3869 1089 3932 reali.
1134 3868 1191 3931 Est
1203 3876 1310 3932 ¹autem
1324 3890 1375 3932 co·

274 3985 383 4068 gitatio
403 3983 612 4068 impersonalia,
629 3981 701 4067 quia
722 4002 786 4045 non
805 3989 852 4045 est
872 3981 969 4064 magis
988 3979 1080 4058 Petri,
1101 4001 1193 4064 quam
1212 3979 1312 4043 Paulli
1329 3977 1376 4044 vel

272 4095 408 4175 alterius,
430 4118 526 4180 quum
549 4093 730 4178 praescindat
753 4092 791 4156 ab
813 4092 898 4156 omni
920 4091 1121 4156 determinato
1143 4089 1320 4155 individuo:
1343 4099 1375 4156 et

270 4217 317 4272 cst
335 4207 479 4292 cogitatio
488 4228 578 4291 pura,
594 4205 666 4291 quia
688 4227 751 4268 non
767 4213 813 4268 est
829 4203 866 4268 de
881 4204 938 4267 hoc
953 4203 1000 4266 vel
1015 4203 1067 4266 illo
1083 4202 1205 4287 speciali
1221 4203 1340 4266 obiecto
1355 4225 1388 4266 a·

270 4340 331 4403 quo
357 4318 483 4402 accipiat
507 4317 791 4381 determinationem
817 4337 851 4379 ac
877 4314 1016 4392 limitem,
1040 4314 1096 4378 sed
1118 4313 1213 4378 habet
1235 4336 1267 4377 se
1287 4321 1372 4378 ante-
