3186 4982
257 311 323 374 268
582 335 741 378 ιιιιιιιιιιι
761 335 801 378 ιιι
817 333 1041 378 sununsnns.
1216 311 1305 396 [von.
1323 328 1368 370 11.

294 493 360 562 Pup.
373 493 434 548 314.
448 493 492 548 ιιι.
506 495 548 550 25.
568 495 682 550 mdinisr
693 495 787 551 elativi
799 495 899 568 corrige
911 494 1012 549 ordinis
1024 492 1133 548 relativi
1148 521 1155 551 .·

266 601 268 608 v
295 579 359 650 Peg.
373 581 433 636 315.
450 581 494 636 lia
508 581 534 650 8,
546 583 571 636 9.
591 587 668 636 aetus
686 581 871 638 substantialis
888 585 1059 654 comparetis
1073 578 1203 651 potentie
1218 576 1315 632 aetivae
1332 580 1367 628 ut

258 670 301 720 est
311 666 481 738 inadequate
492 668 566 722 idem
577 672 654 722 actus
666 667 858 739 substent-ielis,
871 673 901 723 et
911 670 973 722 dele.

294 752 364 806 Ibid.
378 754 421 808 lin.
436 753 477 807 11.
496 752 552 809 duo
563 754 624 810 haec
634 773 690 809 non
701 754 816 827 probent
828 756 930 826 corrige
941 755 994 810 hoe
1005 772 1060 810 non
1072 752 1169 826 probat

295 839 364 894 Itid
379 839 423 894 lia.
438 840 480 910 17,
494 841 535 895 18.
554 841 737 897 extrinsecum
749 844 815 897 adda
825 860 873 897 seu
884 841 1052 897 ostensivum
1063 840 1162 915 speciei

295 925 361 995 Peg.
372 925 432 981 317.
441 926 485 980 lin.
495 929 521 981 6.
540 927 680 1000 distingui.
703 930 791 984 Adde:
804 929 843 983 Et
850 930 998 984 secundum
1005 929 1058 983 hoc
1064 929 1151 982 forma
1158 945 1214 981 non
1221 925 1308 980 solum
1317 924 1368 977 dut

260 1012 420 1069 substantiae
432 1032 490 1069 sess
502 1013 531 1068 in
543 1020 605 1070 actu
617 1016 743 1085 sscrmdo,
754 1016 802 1070 sed
814 1015 898 1070 etism
909 1033 967 1070 esse
979 1015 1146 1088 operativam
1158 1013 1186 1066 in
1196 1017 1259 1066 actu
1268 1010 1372 1083 primo„
1452 1033 1457 1042 ·

296 1100 362 1170 Peg.
375 1099 435 1154 320.
449 1101 531 1155 tine
550 1119 610 1173 neg.
624 1101 662 1155 M.
689 1103 781 1156 Adde:
800 1101 826 1156 Ν
829 1120 874 1156 em
886 1103 921 1156 ad
932 1101 1085 1156 faciendam
1096 1100 1298 1174 proportionem
1310 1099 1366 1150 duo

261 1185 369 1241 termini
386 1187 457 1241 inter
472 1205 501 1242 ιι
519 1187 682 1260 homogenei
698 1186 799 1242 debent
816 1188 966 1261 comparari
978 1205 1041 1242 eum
1053 1186 1159 1243 duobus
1170 1184 1294 1240 terminis
1304 1183 1368 1237 eliis

261 1273 332 1328 inter
348 1291 376 1328 ιι
390 1274 582 1346 homogeneis3
603 1293 685 1347 quare
698 1275 794 1347 nequit
812 1293 869 1330 esse
884 1275 1020 1348 proportio
1035 1276 1107 1330 inter
1122 1275 1190 1330 duos
1208 1273 1320 1329 effectus
1338 1278 1368 1325 ιι

262 1360 328 1414 duas
340 1377 443 1430 causas,
456 1361 480 1414 si
492 1379 546 1415 una
557 1379 638 1416 causa
650 1362 688 1415 sit
698 1361 824 1430 efficiens,
837 1362 891 1416 alia
903 1361 1031 1416 formalis.

298 1447 363 1518 Peg.
373 1449 436 1502 ⁴327.
450 1449 494 1503 tin.
509 1448 550 1503 11.
570 1448 599 1502 in
611 1449 678 1503 fieri.
697 1449 788 1502 Adde:
807 1449 872 1504 Non
883 1449 1113 1520 tamensequitur,
1124 1446 1259 1502 actionem
1269 1452 1367 1518 etpas·
1435 1489 1447 1504 ..

263 1533 367 1588 ιίοιιιιιι
386 1533 416 1587 in
437 1552 486 1588 suo
505 1551 571 1602 esse,
584 1536 657 1607 quod
675 1541 718 1590 ιιι
733 1536 800 1604 fieri,
814 1535 868 1590 diei
890 1553 967 1608 posse
983 1535 1057 1590 entia
1071 1534 1242 1606 incompleta
1278 1534 1369 1587 Actus

263 1620 336 1675 enim
353 1626 411 1674 tam
424 1625 466 1676 est
479 1623 629 1694 completus
645 1622 674 1676 in
688 1622 836 1690 ιινιιιιιιανι,
849 1639 932 1693 quam
944 1622 973 1676 ia
990 1641 1042 1676 csse
1055 1622 1194 1676 terminato
1210 1626 1238 1675 et
1249 1621 1276 1674 ιιι
1288 1620 1371 1690 recipi

262 1705 335 1760 sicut
347 1707 374 1760 in
386 1725 438 1760 esec
449 1714 564 1779 recepto:
581 1708 652 1762 nihil
667 1708 740 1763 enim
757 1709 866 1764 additur
879 1713 942 1782 post
958 1709 1097 1763 terminari
1113 1714 1140 1762 et
1155 1713 1218 1781 post
1234 1708 1321 1778 recepi,
1334 1709 1369 1762 ad

263 1791 418 1846 habendum
430 1799 521 1848 actum
534 1795 682 1850 secundum
694 1796 870 1850 terminatum
883 1801 911 1850 et
922 1801 1069 1868 receptum.
1098 1794 1184 1848 Aliud
1196 1800 1287 1848 sutem
1299 1800 1370 1848 esset

263 1879 286 1935 si
305 1879 375 1933 actio
389 1880 418 1934 in
434 1897 483 1934 suo
493 1880 550 1935 fieri
562 1881 696 1953 indigeret
708 1882 874 1937 successione
886 1883 1031 1954 temporis,
1050 1886 1117 1937 tunc
1137 1881 1218 1947 enim,
1238 1881 1371 1953 quamdiu·

264 1968 349 2035 fieret,
362 1974 433 2022 esset
445 1967 625 2040 incomplets3
643 1973 672 2024 et
683 1969 809 2023 similiter
819 1969 915 2041 passio.
945 1968 1000 2024 Sed
1012 1969 1083 2024 actio
1095 1974 1124 2024 et
1134 1968 1224 2041 passio
1237 1968 1370 2023 eiusmodi

264 2059 336 2108 esset
346 2053 479 2108 resultans
491 2055 605 2109 actionis
617 2059 646 2110 et
657 2055 788 2127 passionis
801 2055 984 2110 continuatae:
1003 2060 1032 2110 et
1043 2055 1210 2110 continuatio
1222 2055 1304 2110 fiendi
1316 2072 1371 2108 non

265 2149 307 2196 ιιι
318 2141 375 2196 fieri
388 2139 504 2198 actionis
515 2143 603 2216 primo
615 2148 643 2198 et
655 2142 821 2214 simpliciter,
834 2143 882 2198 sed
893 2143 952 2197 {ieri
964 2143 1094 2197 ιιιιιιοιιι
1106 2143 1234 2197 actionis:
1254 2148 1282 2196 ιι
1294 2141 1371 2195 simi-

267 2229 331 2283 liter
343 2230 488 2285 dicendum
499 2230 532 2284 de
544 2229 676 2303 passione.
712 2229 833 2284 Evidens
846 2230 918 2284 enim
932 2235 973 2284 est
985 2231 1058 2302 quod
1068 2248 1123 2284 non
1135 2229 1244 2284 daretur
1256 2229 1326 2284 aetio
1343 2234 1372 2283 ιι

266 2317 355 2388 passio
376 2317 541 2386 continuata,
553 2317 607 2371 nisi
628 2318 657 2370 in
675 2316 790 2390 singulis
811 2317 955 2372 momentis
975 2317 1105 2390 temporis
1124 2323 1194 2372 esset
1213 2316 1373 2390 simpliciter

266 2403 338 2458 actio
350 2409 378 2457 et
389 2403 485 2476 passio.
513 2461 515 2466 ,

302 2491 367 2559 Peg.
381 2491 440 2544 328.
455 2490 498 2544 lin.
514 2489 555 2543 10.
574 2489 611 2544 Μ.
625 2489 706 2558 dist,
725 2489 790 2543 min.
804 2491 903 2560 corrige
914 2489 970 2559 M.;
990 2490 1053 2545 dist.
1066 2489 1132 2544 min.

301 2577 367 2646 Psy.
382 2577 441 2630 330.
454 2576 498 2630 tic.
513 2576 555 2630 21.
575 2575 648 2648 quod
661 2577 761 2646 compe
772 2575 819 2647 qui

303 2663 367 2733 Pus.
390 2663 450 2716 332.
470 2662 514 2716 lin
535 2663 579 2715 ult.
600 2661 655 2716 Sed
678 2662 738 2716 hec
759 2662 898 2716 hactenus.
923 2662 1041 2732 conspe:
1069 2661 1124 2716 Sed
1148 2661 1293 2717 difficultas
1314 2679 1373 2716 esse

267 2753 358 2821 potest
376 2749 446 2804 circa
465 2747 648 2820 operationem
664 2748 884 2819 intellectualem,
904 2765 966 2820 qua,
986 2749 1083 2820 positis
1102 2749 1158 2803 iam
1179 2748 1319 2822 speciebus
1342 2749 1373 2803 in

267 2834 417 2903 intellectu,
429 2835 500 2888 fiunt
510 2834 623 2889 diversae
637 2833 872 2908 considerationes,
885 2834 1086 2904 abstractiones,
1100 2835 1308 2908 compositiones
1320 2841 1371 2888 etc.

268 2920 386 2974 Videtur
404 2920 477 2975 enim
497 2938 532 2974 ex
553 2919 747 2992 compositione
762 2920 913 2992 praesertim
930 2921 1051 2992 generari
1068 2921 1159 2992 aliqua
1174 2939 1246 2976 nova
1261 2921 1371 2992 species,

250 3032 253 3038 ·
268 3007 314 3062 vel
325 3007 421 3061 saltem
433 3007 498 3079 poni
510 3007 621 3079 quidam
633 3008 698 3062 ordo
710 3007 782 3069 inter
793 3008 894 3081 speeies
909 3007 966 3061 iarn
983 3007 1107 3062 habitas:
1127 3010 1179 3064 hoc
1191 3027 1255 3063 vero
1265 3007 1376 3062 videtur

269 3093 413 3166 importare
436 3093 588 3164 passionem
607 3093 713 3166 proprie
734 3093 834 3148 dictam
854 3093 885 3147 in
905 3093 1054 3164 intellectu,
1068 3101 1096 3149 et
1114 3095 1143 3149 in
1164 3095 1263 3150 effectu
1281 3094 1373 3163 etiam,

269 3180 334 3252 quia
345 3179 408 3232 talis
416 3179 593 3234 consideratio
603 3178 702 3234 obiecti
714 3186 755 3234 est
767 3198 847 3235 causa
859 3199 907 3234 cur
916 3181 986 3235 illud
998 3181 1085 3253 magis
1095 3200 1223 3237 amemus.
1243 3183 1374 3236 Attamen

269 3268 329 3321 hsce
345 3284 400 3319 non
418 3263 526 3320 difficile
544 3267 692 3321 solvuntur.
729 3266 802 3321 Nam
819 3267 892 3338 quod
910 3266 1010 3323 attinet
1028 3268 1063 3322 ad
1076 3274 1168 3323 motus
1179 3287 1266 3324 novos
1276 3269 1373 3324 volun-

268 3353 334 3411 tatis
346 3354 422 3407 illam
434 3352 674 3408 considerationem
691 3359 893 3426 consequentes,
906 3359 1019 3425 constat,
1032 3373 1078 3410 eos
1097 3355 1131 3410 ab
1146 3356 1250 3411 obiecto
1268 3356 1327 3429 ipso
1343 3361 1374 3409 ut

268 3441 377 3513 cognito
395 3439 514 3494 causari:
539 3439 624 3494 etsie
641 3440 818 3495 consideratio
836 3440 934 3495 obiecti
951 3458 1006 3495 non
1025 3446 1066 3496 est
1083 3460 1164 3497 causa
1182 3441 1307 3510 efficiens,
1327 3441 1374 3496 sed

267 3527 387 3583 conditio
400 3527 550 3582 necessaria
561 3527 657 3581 telium
668 3533 794 3582 motuum
804 3547 810 3581 :
829 3545 912 3600 quare
924 3529 1102 3583 consideratio
1113 3546 1162 3601 per
1173 3547 1202 3584 se
1215 3547 1270 3582 non
1282 3534 1375 3582 censat

270 3614 421 3686 passionem
432 3614 461 3668 in
473 3612 600 3668 subiecto.
639 3614 720 3679 Quod
733 3620 824 3670 eutem
836 3615 936 3669 attinet
947 3615 981 3670 sd
994 3615 1143 3687 specierum
1152 3615 1374 3687 compositionem

270 3708 319 3756 sut
338 3701 459 3774 enalysin
480 3705 539 3770 ete,
555 3719 611 3755 non
629 3706 719 3774 potest
740 3701 844 3774 concipi
864 3703 998 3774 quomodo
1018 3703 1078 3758 haec
1098 3703 1250 3775 passionem
1269 3702 1374 3774 proprie

270 3789 373 3844 dictam
384 3789 538 3860 importent.
567 3785 682 3858 Agimus
695 3788 768 3842 enim
780 3788 826 3842 hic
838 3788 873 3842 de
884 3793 948 3842 actu
958 3789 1046 3843 stricte
1056 3790 1220 3854 immanente,
1233 3789 1321 3860 qualis
1333 3793 1375 3842 est

267 3877 301 3955 ιιι
321 3874 472 3931 substantia
491 3879 620 3947 separatu,
632 3892 687 3928 non
708 3874 796 3946 qualis
817 3874 906 3928 estin
925 3875 1035 3929 homine
1057 3875 1218 3930 coniunctus
1234 3892 1297 3929 cum
1312 3880 1375 3928 actu

271 3968 427 4017 transeunte
447 3962 481 4016 ad
499 3967 603 4034 partem
621 3961 834 4033 imaginativom,
854 3979 915 4033 quse
928 3963 1020 4033 procul
1033 3962 1116 4019 dubio
1130 3963 1226 4036 recipit
1243 3980 1327 4017 novos
1345 3967 1375 4014 et

270 4068 356 4105 novos
368 4055 465 4118 motus,
478 4049 545 4103 dum
557 4047 617 4103 alise
630 4054 658 4102 et
670 4048 730 4104 alise
743 4048 968 4104 considerationes
984 4050 1062 4118 fiunt,
1075 4049 1122 4120 qui
1139 4053 1229 4103 motus
1245 4049 1274 4102 in
1291 4039 1374 4102 intelss

271 4138 374 4192 lectum
389 4138 478 4210 ipsum
494 4136 613 4190 influunt
627 4152 676 4207 per
687 4136 831 4207 quemdam
843 4135 986 4206 refluxum,
1000 4141 1028 4190 et
1039 4154 1138 4194 novum
1151 4136 1267 4208 speciem
1279 4135 1374 4208 impri-

273 4230 367 4278 munt:
386 4225 438 4277 hoc
456 4228 547 4278 autem
564 4222 594 4276 in
611 4221 688 4276 nobis
705 4221 766 4276 ideo
784 4223 824 4291 fit,
837 4222 901 4294 quie
918 4223 989 4278 actio
1007 4223 1105 4280 animae
1117 4224 1146 4278 in
1158 4241 1254 4296 corpus
1266 4241 1321 4277 non
1333 4229 1374 4276 est

272 4311 422 4368 immanens
434 4310 539 4377 animes,
553 4310 599 4363 sed
612 4309 767 4381 composito.
805 4309 859 4364 Sed
871 4310 899 4363 in
905 4328 978 4383 ,puro
991 4311 1089 4382 spiritu
1100 4311 1259 4384 compositio
1272 4297 1373 4383 specie-
