3240 4986
280 353 344 416 146
591 375 635 418 nu
651 374 797 420 serrone
814 377 872 421 aar
889 376 926 422 rr
944 375 1074 422 nonno.
1258 357 1342 442 [cnr.
1360 377 1383 421 1.

280 561 346 606 suae
360 539 539 606 mentionisr
562 541 635 626 quia
650 541 798 607 successio
814 564 877 607 non
892 550 939 608 est
953 541 987 608 in
1001 564 1067 608 esse
1082 542 1272 623 substantiae,
1284 543 1336 608 sed
1350 543 1384 609 in

279 650 415 716 motibus
429 650 665 717 accidentalibus
679 661 812 717 tantum.

322 760 404 838 Quia
414 771 517 827 temen
532 763 672 829 homiues
682 786 746 828 non
762 763 860 830 solent
872 763 959 829 facile
973 764 1135 830 ascendere
1149 763 1189 828 ad
1200 772 1382 849 conceptum

279 872 362 937 illius
376 895 453 938 nunc
467 874 683 958 permanentis,
698 874 779 959 quod
795 875 929 958 pertinet
943 875 983 940 ad
997 874 1199 941 substantiam
1214 882 1251 940 ut
1265 874 1318 954 sic,
1329 875 1383 940 sed

279 984 484 1049 communiter
505 984 642 1068 cogitant
663 984 701 1049 de
722 985 783 1049 illis
805 1008 883 1050 nunc
901 984 1149 1063 accidentalibus,
1165 1007 1233 1070 quar
1256 1007 1382 1070 compu-

278 1103 385 1162 tantur
398 1095 552 1180 perprius
567 1105 598 1160 et
613 1104 693 1180 post,
708 1096 778 1161 ideo
795 1095 972 1182 simpliciter
987 1118 1078 1161 nemo
1093 1096 1183 1176 dicet,
1198 1119 1275 1162 auae
1289 1099 1384 1162 neeri

277 1209 365 1272 solem
385 1216 414 1273 et
436 1209 544 1286 lanam,
560 1207 632 1296 quia
651 1207 677 1272 si
697 1207 740 1274 sic
762 1207 947 1293 loqueretur,
962 1208 1028 1272 sine
1048 1207 1143 1274 dubio
1165 1208 1281 1274 dictum
1303 1207 1383 1272 male

278 1318 510 1403 intelligeretur.

322 1431 354 1496 6.
378 1429 535 1507 Quaeritur
554 1438 674 1516 quarto,
689 1453 729 1496 aa
743 1432 906 1497 cosantia
920 1432 1041 1498 deleam
1054 1432 1219 1516 specialiter
1232 1440 1262 1497 ct
1275 1433 1384 1498 directe

279 1543 443 1606 amoveri
457 1564 476 1605 a
490 1543 567 1606 Deo.

323 1650 505 1736 Respondeo
513 1651 663 1734 negative.
696 1651 779 1716 Nam
789 1653 823 1716 1ο
832 1652 1018 1718 conservatio
1030 1653 1132 1719 divina
1143 1653 1241 1718 estrei
1256 1661 1381 1718 creatae:
1410 1654 1417 1663 '

279 1761 334 1828 sed
349 1783 399 1826 res
413 1770 513 1827 creata
527 1770 574 1826 est
595 1761 658 1826 sola
675 1763 856 1844 substantia,
871 1772 908 1829 ut
930 1786 985 1828 suo
1000 1764 1066 1832 loco
1087 1765 1203 1831 dictum
1219 1773 1285 1844 est3
1308 1787 1382 1848 ergo

279 1872 467 1938 conservatio
493 1872 595 1938 divina
620 1880 667 1937 est
692 1872 786 1938 solius
808 1874 1005 1954 substantiae,
1027 1898 1091 1940 non
1116 1899 1189 1961 ergo
1215 1877 1328 1942 directe
1349 1885 1381 1940 et

279 1984 446 2069 specialiter
461 1984 643 2050 terminatur
656 1985 696 2050 ad
710 1985 886 2052 occidentia.
921 1986 1023 2052 Maior
1037 1997 1141 2053 autem
1155 1996 1274 2054 constat
1289 1988 1380 2054 etiam

279 2117 316 2158 ex
339 2094 496 2160 communi
518 2093 660 2174 formula,
675 2116 737 2179 qua
758 2095 944 2162 conservatio
966 2096 1079 2163 dicitur
1103 2102 1241 2164 malinae
1262 2103 1381 2164 creatio

278 2210 314 2272 2⁰
327 2206 478 2272 Accidens
497 2206 636 2271 naturale
650 2207 769 2272 nullam
784 2207 876 2272 habet
898 2209 936 2278 de
951 2232 983 2274 se
998 2209 1150 2294 propriam
1165 2211 1335 2290 entitatem,
1349 2220 1381 2275 et

277 2338 341 2381 non
364 2325 411 2385 est
433 2339 489 2384 ens
512 2317 636 2396 atrictc3
667 2339 740 2402 ergo
763 2339 827 2383 non
850 2318 970 2404 indiget
996 2319 1118 2405 speciali
1141 2322 1379 2387 conservatione.

277 2427 470 2496 Antecedens
485 2436 615 2509 constat,
631 2429 702 2515 quia
716 2437 817 2498 totum
832 2453 897 2496 esse
917 2431 1082 2500 accidentis
1096 2433 1244 2498 naturalis
1259 2441 1305 2497 est
1320 2456 1381 2498 ease

277 2541 408 2620 alterius,
429 2562 540 2625 nempe
566 2561 629 2604 snae
654 2541 843 2622 substantio,
866 2550 901 2606 ut
921 2542 1061 2626 pluribus
1084 2543 1158 2608 locis
1181 2543 1333 2620 observat,
1346 2545 1379 2608 S.

277 2651 420 2716 Thomas.
464 2651 543 2715 Dico
556 2659 661 2718 tamen
681 2653 838 2720 occidentis
859 2655 1014 2734 mturare,
1029 2654 1101 2739 quia
1115 2654 1255 2720 occidens
1273 2678 1379 2738 auper-

277 2762 424 2841 naturale,
441 2761 531 2847 quale
552 2770 599 2827 est
620 2761 653 2826 in
667 2762 871 2842 Eucharistia,
886 2772 933 2828 est
952 2764 1078 2828 omnino
1096 2763 1220 2829 alterius
1242 2765 1378 2842 rationis,

277 2883 307 2937 et
330 2873 432 2960 quoad
453 2873 711 2938 conservationem
735 2874 903 2958 comparari
926 2884 1027 2959 potest
1050 2875 1110 2960 ipsi
1133 2876 1320 2954 substantiae,
1343 2885 1379 2940 ut

276 2984 404 3048 resultat
421 3005 458 3048 ex
472 2982 561 3047 dictis
581 2982 619 3048 de
633 2982 840 3049 accidentibus
858 2985 902 3068 (u.
919 2987 1049 3069 79-85).
1095 2989 1130 3051 3⁰
1145 2986 1183 3050 In
1202 2987 1378 3072 particulari

276 3095 443 3160 accidentia
465 3094 523 3160 alia
543 3102 618 3158 sunt
641 3094 789 3180 simplicia
806 3105 838 3160 et
860 3095 1021 3180 primitiva,
1038 3105 1073 3161 ut
1095 3097 1183 3178 actio,
1199 3098 1309 3182 passio,
1324 3098 1379 3163 ubi

276 3214 307 3270 et
322 3205 461 3290 quando:
485 3204 543 3270 alia
558 3214 630 3273 sunt
645 3205 800 3290 complexa
815 3216 845 3271 et
865 3206 1055 3288 resultantia,
1070 3216 1106 3272 ut
1121 3209 1287 3293 quantitas,
1302 3231 1377 3294 qua·

275 3317 346 3381 litas
372 3325 403 3380 et
425 3315 541 3394 relatio,
558 3315 597 3380 ad
619 3338 709 3401 qnam
733 3315 922 3393 reducuntur
944 3317 1022 3402 situs
1044 3327 1076 3382 et
1101 3317 1235 3384 habitus.
1280 3319 1378 3404 Atqui

275 3437 384 3496 neutra
398 3427 539 3512 indigent
555 3427 678 3512 speciali
691 3428 926 3492 conservatione.
960 3429 1055 3512 Ergo.
1089 3429 1195 3505 Minor
1208 3451 1263 3514 per
1276 3439 1377 3514 partes

274 3539 362 3605 facile
377 3539 558 3606 ostenditur.

319 3651 401 3718 Nam
425 3651 504 3716 actio
529 3651 652 3736 quidem
676 3673 739 3716 non
763 3660 810 3717 est
833 3651 948 3737 aliquid
974 3674 1112 3732 manens,
1137 3652 1190 3717 sed
1215 3653 1376 3733 transiens,

275 3785 371 3847 quum
386 3762 462 3826 nihil
479 3761 562 3827 aliud
582 3761 622 3826 sit
637 3761 698 3826 nisi
712 3764 855 3827 transitus
869 3763 906 3826 ab
921 3771 990 3827 acta
998 3765 1097 3847 primo
1113 3764 1153 3827 ed
1165 3765 1330 3845 secundum,
1344 3772 1376 3828 et

274 3873 393 3958 indiget
408 3895 567 3954 concursu,
579 3887 615 3936 ut
626 3872 795 3938 videbimus
810 3882 924 3957 postea,
934 3895 998 3938 non
1012 3875 1257 3954 conservatione3
1280 3897 1376 3960 quum

273 3985 351 4057 illud
366 3985 484 4057 dicatm
498 3984 677 4064 conservari,
693 3983 775 4068 quod
794 3993 891 4048 amuel
905 3985 938 4046 in
953 4005 1008 4048 suo
1023 4007 1105 4050 esse:
1129 3986 1208 4050 actio
1223 3994 1376 4052 autemut

274 4097 317 4168 sic
332 4096 427 4167 ¹habet
449 4103 571 4163 tantum
584 4095 660 4160 fieri.
704 4094 809 4158 Passio
824 4093 963 4158 similiter
977 4105 1023 4160 est
1046 4095 1147 4180 ipsum
1162 4095 1227 4160 fieri
1248 4096 1374 4181 impres-

273 4208 389 4286 sionisr
412 4215 442 4274 et
454 4207 497 4272 sic
512 4227 690 4272 sconcursu
705 4205 829 4290 quidem
843 4205 966 4296 pendet,
979 4206 1032 4270 sed
1047 4207 1304 4272 conservationem
1319 4229 1376 4273 nec

273 4319 408 4402 postulat
420 4340 476 4385 nec
491 4317 635 4385 admittit.
672 4319 730 4380 Ubi
744 4325 775 4380 et
790 4317 904 4400 quando
914 4316 1109 4382 accidentalia
1123 4339 1186 4384 non
1202 4327 1275 4382 sunt
1289 4340 1376 4384 novae
