<?xml version="1.0" encoding="UTF-8"?>
<!DOCTYPE html PUBLIC "-//W3C//DTD XHTML 1.0 Transitional//EN"
    "http://www.w3.org/TR/xhtml1/DTD/xhtml1-transitional.dtd">
<html xmlns="http://www.w3.org/1999/xhtml" xml:lang="en" lang="en">
 <head>
  <title>
</title>
<meta http-equiv="Content-Type" content="text/html;charset=utf-8" />
  <meta name='ocr-system' content='tesseract 3.04.00' />
  <meta name='ocr-capabilities' content='ocr_page ocr_carea ocr_par ocr_line ocrx_word'/>
</head>
<body>
  <div class='ocr_page' id='page_1' title='image "./realisphilosoph01baymgoog_0301.png"; bbox 0 0 3186 4982; ppageno 0'>
   <div class='ocr_carea' id='block_1_1' title="bbox 299 361 1402 447">
    <p class='ocr_par' dir='ltr' id='par_1_1' title="bbox 299 361 1402 447">
     <span class='ocr_line' id='line_1_1' title="bbox 299 361 1402 447; baseline 0.004 -23"><span class='ocrx_word' id='word_1_1' title='bbox 299 361 365 424; x_wconf 78' lang='lat'><strong>286</strong></span> <span class='ocrx_word' id='word_1_2' title='bbox 670 379 777 424; x_wconf 77' lang='lat' dir='ltr'><strong>rnnrx</strong></span> <span class='ocrx_word' id='word_1_3' title='bbox 793 379 1030 426; x_wconf 80' lang='lat' dir='ltr'><strong>onnonoorous.</strong></span> <span class='ocrx_word' id='word_1_4' title='bbox 1268 361 1360 447; x_wconf 80' lang='lat' dir='ltr'><strong>[aar.</strong></span> <span class='ocrx_word' id='word_1_5' title='bbox 1377 383 1402 428; x_wconf 91' lang='lat'><strong>1.</strong></span> 
     </span>
    </p>
   </div>
   <div class='ocr_carea' id='block_1_2' title="bbox 218 539 1402 4396">
    <p class='ocr_par' dir='ltr' id='par_1_2' title="bbox 295 539 1402 702">
     <span class='ocr_line' id='line_1_2' title="bbox 295 539 1402 612; baseline 0.002 -15"><span class='ocrx_word' id='word_1_6' title='bbox 295 539 394 598; x_wconf 87' lang='lat' dir='ltr'><strong>habere</strong></span> <span class='ocrx_word' id='word_1_7' title='bbox 405 543 487 598; x_wconf 81' lang='lat' dir='ltr'><strong>aliam</strong></span> <span class='ocrx_word' id='word_1_8' title='bbox 500 541 674 597; x_wconf 74' lang='grc' dir='ltr'><strong>οιὶιιοιιιὶιιιιι</strong></span> <span class='ocrx_word' id='word_1_9' title='bbox 685 540 738 596; x_wconf 90' lang='lat' dir='ltr'><strong>nisi</strong></span> <span class='ocrx_word' id='word_1_10' title='bbox 750 543 950 612; x_wconf 71' lang='lat' dir='ltr'><strong>mammon,</strong></span> <span class='ocrx_word' id='word_1_11' title='bbox 963 543 993 598; x_wconf 93' lang='lat' dir='ltr'><strong>id</strong></span> <span class='ocrx_word' id='word_1_12' title='bbox 1006 548 1047 598; x_wconf 87' lang='lat' dir='ltr'><strong>est</strong></span> <span class='ocrx_word' id='word_1_13' title='bbox 1058 543 1231 600; x_wconf 73' lang='grc' dir='ltr'><strong>οιιὶειοιιιίιιιιι</strong></span> <span class='ocrx_word' id='word_1_14' title='bbox 1246 544 1402 599; x_wconf 83' lang='lat' dir='ltr'><strong>intellectus</strong></span> 
     </span>
     <span class='ocr_line' id='line_1_3' title="bbox 295 627 726 702; baseline -0.005 -18"><span class='ocrx_word' id='word_1_15' title='bbox 295 627 391 702; x_wconf 88' lang='lat' dir='ltr'><strong>inquo</strong></span> <span class='ocrx_word' id='word_1_16' title='bbox 403 633 467 684; x_wconf 89' lang='lat' dir='ltr'><strong>sunt</strong></span> <span class='ocrx_word' id='word_1_17' title='bbox 480 627 559 698; x_wconf 85' lang='lat' dir='ltr'>(VII.</span> <span class='ocrx_word' id='word_1_18' title='bbox 572 644 598 683; x_wconf 94' lang='grc' dir='ltr'><strong>ιι.</strong></span> <span class='ocrx_word' id='word_1_19' title='bbox 612 629 656 698; x_wconf 80' lang='grc'><strong>44,</strong></span> <span class='ocrx_word' id='word_1_20' title='bbox 668 629 726 701; x_wconf 82' lang='grc'><strong>45).</strong></span> 
     </span>
    </p>

    <p class='ocr_par' dir='ltr' id='par_1_3' title="bbox 287 713 1401 2166">
     <span class='ocr_line' id='line_1_4' title="bbox 329 713 1398 781; baseline 0 -11"><span class='ocrx_word' id='word_1_21' title='bbox 329 717 371 770; x_wconf 76' lang='lat'><strong>28.</strong></span> <span class='ocrx_word' id='word_1_22' title='bbox 391 713 541 781; x_wconf 73' lang='lat' dir='ltr'><strong>Quodlibet</strong></span> <span class='ocrx_word' id='word_1_23' title='bbox 560 731 607 770; x_wconf 87' lang='lat' dir='ltr'><strong>ens</strong></span> <span class='ocrx_word' id='word_1_24' title='bbox 627 714 699 770; x_wconf 83' lang='lat' dir='ltr'><strong>reale</strong></span> <span class='ocrx_word' id='word_1_25' title='bbox 718 715 820 770; x_wconf 88' lang='lat' dir='ltr'><strong>dicitur</strong></span> <span class='ocrx_word' id='word_1_26' title='bbox 840 715 925 770; x_wconf 85' lang='lat' dir='ltr'><strong>etiam</strong></span> <span class='ocrx_word' id='word_1_27' title='bbox 944 721 1049 771; x_wconf 80' lang='lat' dir='ltr'><strong>natura.</strong></span> <span class='ocrx_word' id='word_1_28' title='bbox 1085 715 1148 771; x_wconf 87' lang='lat' dir='ltr'><strong>Hoc</strong></span> <span class='ocrx_word' id='word_1_29' title='bbox 1170 731 1269 770; x_wconf 88' lang='lat' dir='ltr'><strong>nomen</strong></span> <span class='ocrx_word' id='word_1_30' title='bbox 1292 719 1398 770; x_wconf 83' lang='lat' dir='ltr'><strong>naturae</strong></span> 
     </span>
     <span class='ocr_line' id='line_1_5' title="bbox 293 800 1399 875; baseline -0.002 -17"><span class='ocrx_word' id='word_1_31' title='bbox 293 817 365 875; x_wconf 74' lang='lat' dir='ltr'><strong>sepe</strong></span> <span class='ocrx_word' id='word_1_32' title='bbox 388 800 564 856; x_wconf 80' lang='lat' dir='ltr'><strong>coufirnditur</strong></span> <span class='ocrx_word' id='word_1_33' title='bbox 586 817 651 856; x_wconf 87' lang='lat' dir='ltr'><strong>cum</strong></span> <span class='ocrx_word' id='word_1_34' title='bbox 673 801 816 856; x_wconf 71' lang='lat' dir='ltr'><strong>mittentia</strong></span> <span class='ocrx_word' id='word_1_35' title='bbox 839 805 869 856; x_wconf 91' lang='lat' dir='ltr'><strong>et</strong></span> <span class='ocrx_word' id='word_1_36' title='bbox 891 817 954 858; x_wconf 88' lang='lat' dir='ltr'><strong>cum</strong></span> <span class='ocrx_word' id='word_1_37' title='bbox 975 802 1098 856; x_wconf 74' lang='lat' dir='ltr'><strong>mantia:</strong></span> <span class='ocrx_word' id='word_1_38' title='bbox 1123 802 1172 856; x_wconf 85' lang='lat' dir='ltr'><strong>aed</strong></span> <span class='ocrx_word' id='word_1_39' title='bbox 1191 801 1283 856; x_wconf 85' lang='lat' dir='ltr'><strong>stricte</strong></span> <span class='ocrx_word' id='word_1_40' title='bbox 1301 805 1399 856; x_wconf 78' lang='lat' dir='ltr'><strong>natrrra</strong></span> 
     </span>
     <span class='ocr_line' id='line_1_6' title="bbox 293 887 1397 958; baseline -0.003 -15"><span class='ocrx_word' id='word_1_41' title='bbox 293 887 393 944; x_wconf 83' lang='lat' dir='ltr'><strong>dicitur</strong></span> <span class='ocrx_word' id='word_1_42' title='bbox 409 887 444 943; x_wconf 88' lang='lat' dir='ltr'><strong>de</strong></span> <span class='ocrx_word' id='word_1_43' title='bbox 455 891 517 942; x_wconf 86' lang='lat' dir='ltr'><strong>enta</strong></span> <span class='ocrx_word' id='word_1_44' title='bbox 534 887 563 940; x_wconf 92' lang='lat' dir='ltr'><strong>in</strong></span> <span class='ocrx_word' id='word_1_45' title='bbox 580 887 670 941; x_wconf 84' lang='lat' dir='ltr'><strong>ordine</strong></span> <span class='ocrx_word' id='word_1_46' title='bbox 687 889 723 941; x_wconf 83' lang='lat' dir='ltr'><strong>ad</strong></span> <span class='ocrx_word' id='word_1_47' title='bbox 739 887 927 957; x_wconf 59' lang='lat' dir='ltr'><strong>Mpnandam</strong></span> <span class='ocrx_word' id='word_1_48' title='bbox 944 888 997 942; x_wconf 83' lang='lat' dir='ltr'><strong>eine</strong></span> <span class='ocrx_word' id='word_1_49' title='bbox 1003 888 1143 958; x_wconf 72' lang='lat' dir='ltr'><strong>propriam</strong></span> <span class='ocrx_word' id='word_1_50' title='bbox 1155 887 1208 942; x_wconf 79' lang='lat' dir='ltr'><strong>aim</strong></span> <span class='ocrx_word' id='word_1_51' title='bbox 1221 887 1397 958; x_wconf 80' lang='lat' dir='ltr'><strong>oporatioam:</strong></span> 
     </span>
     <span class='ocr_line' id='line_1_7' title="bbox 293 971 1398 1046; baseline -0.003 -16"><span class='ocrx_word' id='word_1_52' title='bbox 293 980 322 1030; x_wconf 89' lang='lat' dir='ltr'><strong>et</strong></span> <span class='ocrx_word' id='word_1_53' title='bbox 331 971 455 1046; x_wconf 84' lang='lat' dir='ltr'><strong>quamvis</strong></span> <span class='ocrx_word' id='word_1_54' title='bbox 464 973 493 1029; x_wconf 91' lang='lat' dir='ltr'><strong>id</strong></span> <span class='ocrx_word' id='word_1_55' title='bbox 504 972 577 1046; x_wconf 85' lang='lat' dir='ltr'><strong>quod</strong></span> <span class='ocrx_word' id='word_1_56' title='bbox 589 971 673 1028; x_wconf 86' lang='lat' dir='ltr'><strong>habet</strong></span> <span class='ocrx_word' id='word_1_57' title='bbox 680 973 739 1028; x_wconf 85' lang='lat' dir='ltr'><strong>rim</strong></span> <span class='ocrx_word' id='word_1_58' title='bbox 751 973 918 1046; x_wconf 68' lang='lat' dir='ltr'><strong>operativum</strong></span> <span class='ocrx_word' id='word_1_59' title='bbox 930 973 1027 1028; x_wconf 87' lang='lat' dir='ltr'><strong>debeat</strong></span> <span class='ocrx_word' id='word_1_60' title='bbox 1038 990 1095 1028; x_wconf 89' lang='lat' dir='ltr'><strong>esse</strong></span> <span class='ocrx_word' id='word_1_61' title='bbox 1108 973 1267 1043; x_wconf 83' lang='lat' dir='ltr'><strong>substantia,</strong></span> <span class='ocrx_word' id='word_1_62' title='bbox 1277 977 1398 1028; x_wconf 61' lang='lat' dir='ltr'><strong>atamen</strong></span> 
     </span>
     <span class='ocr_line' id='line_1_8' title="bbox 294 1056 1399 1133; baseline -0.003 -18"><span class='ocrx_word' id='word_1_63' title='bbox 294 1065 440 1133; x_wconf 77' lang='lat' dir='ltr'><strong>conceptam</strong></span> <span class='ocrx_word' id='word_1_64' title='bbox 462 1059 620 1114; x_wconf 78' lang='lat' dir='ltr'><strong>substantiae</strong></span> <span class='ocrx_word' id='word_1_65' title='bbox 642 1056 711 1114; x_wconf 88' lang='lat' dir='ltr'><strong>dicit</strong></span> <span class='ocrx_word' id='word_1_66' title='bbox 735 1060 856 1130; x_wconf 80' lang='lat' dir='ltr'><strong>primam</strong></span> <span class='ocrx_word' id='word_1_67' title='bbox 879 1060 1019 1114; x_wconf 65' lang='lat' dir='ltr'><strong>wemmam</strong></span> <span class='ocrx_word' id='word_1_68' title='bbox 1047 1058 1226 1114; x_wconf 69' lang='lat' dir='ltr'><strong>abstrahendo</strong></span> <span class='ocrx_word' id='word_1_69' title='bbox 1256 1077 1273 1114; x_wconf 88' lang='lat' dir='ltr'><strong>a</strong></span> <span class='ocrx_word' id='word_1_70' title='bbox 1294 1057 1399 1114; x_wconf 85' lang='lat' dir='ltr'><strong>viribus</strong></span> 
     </span>
     <span class='ocr_line' id='line_1_9' title="bbox 294 1145 1397 1220; baseline -0.005 -17"><span class='ocrx_word' id='word_1_71' title='bbox 294 1145 439 1220; x_wconf 86' lang='lat' dir='ltr'><strong>operativis</strong></span> <span class='ocrx_word' id='word_1_72' title='bbox 456 1145 679 1217; x_wconf 62' lang='lat' dir='ltr'><strong>quinarioque</strong></span> <span class='ocrx_word' id='word_1_73' title='bbox 697 1150 822 1200; x_wconf 84' lang='lat' dir='ltr'><strong>naturam</strong></span> <span class='ocrx_word' id='word_1_74' title='bbox 839 1145 999 1200; x_wconf 85' lang='lat' dir='ltr'><strong>substantiae</strong></span> <span class='ocrx_word' id='word_1_75' title='bbox 1016 1145 1199 1200; x_wconf 80' lang='lat' dir='ltr'><strong>manifestant</strong></span> <span class='ocrx_word' id='word_1_76' title='bbox 1235 1145 1293 1198; x_wconf 86' lang='lat' dir='ltr'><strong>Ens</strong></span> <span class='ocrx_word' id='word_1_77' title='bbox 1304 1149 1397 1199; x_wconf 89' lang='lat' dir='ltr'><strong>tamen</strong></span> 
     </span>
     <span class='ocr_line' id='line_1_10' title="bbox 294 1229 1396 1306; baseline -0.005 -17"><span class='ocrx_word' id='word_1_78' title='bbox 294 1233 459 1306; x_wconf 88' lang='lat' dir='ltr'><strong>completum</strong></span> <span class='ocrx_word' id='word_1_79' title='bbox 470 1249 526 1286; x_wconf 94' lang='grc' dir='ltr'><strong>ιιοιι</strong></span> <span class='ocrx_word' id='word_1_80' title='bbox 537 1249 585 1304; x_wconf 85' lang='lat' dir='ltr'><strong>per</strong></span> <span class='ocrx_word' id='word_1_81' title='bbox 596 1229 671 1286; x_wconf 82' lang='lat' dir='ltr'><strong>aliud</strong></span> <span class='ocrx_word' id='word_1_82' title='bbox 682 1237 719 1285; x_wconf 80' lang='lat' dir='ltr'><strong>eat</strong></span> <span class='ocrx_word' id='word_1_83' title='bbox 731 1235 759 1284; x_wconf 86' lang='lat' dir='ltr'><strong>et</strong></span> <span class='ocrx_word' id='word_1_84' title='bbox 770 1248 818 1304; x_wconf 87' lang='lat' dir='ltr'><strong>per</strong></span> <span class='ocrx_word' id='word_1_85' title='bbox 829 1230 903 1286; x_wconf 85' lang='lat' dir='ltr'><strong>aliud</strong></span> <span class='ocrx_word' id='word_1_86' title='bbox 912 1238 948 1286; x_wconf 82' lang='lat' dir='ltr'><strong>eat</strong></span> <span class='ocrx_word' id='word_1_87' title='bbox 957 1233 1076 1302; x_wconf 77' lang='lat' dir='ltr'><strong>quadam</strong></span> <span class='ocrx_word' id='word_1_88' title='bbox 1085 1237 1189 1300; x_wconf 82' lang='lat' dir='ltr'><strong>natnna,</strong></span> <span class='ocrx_word' id='word_1_89' title='bbox 1198 1230 1246 1285; x_wconf 87' lang='lat' dir='ltr'><strong>sed</strong></span> <span class='ocrx_word' id='word_1_90' title='bbox 1254 1247 1303 1303; x_wconf 84' lang='lat' dir='ltr'><strong>per</strong></span> <span class='ocrx_word' id='word_1_91' title='bbox 1309 1230 1396 1297; x_wconf 90' lang='lat' dir='ltr'><strong>idem;</strong></span> 
     </span>
     <span class='ocr_line' id='line_1_11' title="bbox 293 1315 1398 1392; baseline -0.005 -18"><span class='ocrx_word' id='word_1_92' title='bbox 293 1318 358 1392; x_wconf 87' lang='lat' dir='ltr'><strong>quia</strong></span> <span class='ocrx_word' id='word_1_93' title='bbox 369 1337 419 1391; x_wconf 77' lang='lat' dir='ltr'><strong>qno</strong></span> <span class='ocrx_word' id='word_1_94' title='bbox 431 1337 474 1373; x_wconf 80' lang='lat' dir='ltr'><strong>nn</strong></span> <span class='ocrx_word' id='word_1_95' title='bbox 485 1324 529 1386; x_wconf 86' lang='lat' dir='ltr'><strong>eat,</strong></span> <span class='ocrx_word' id='word_1_96' title='bbox 542 1335 571 1371; x_wconf 85' lang='lat' dir='ltr'><strong>eo</strong></span> <span class='ocrx_word' id='word_1_97' title='bbox 583 1317 645 1387; x_wconf 70' lang='lat' dir='ltr'><strong>apat,</strong></span> <span class='ocrx_word' id='word_1_98' title='bbox 658 1321 687 1371; x_wconf 90' lang='lat' dir='ltr'><strong>et</strong></span> <span class='ocrx_word' id='word_1_99' title='bbox 697 1318 909 1390; x_wconf 84' lang='lat' dir='ltr'><strong>unumquodque</strong></span> <span class='ocrx_word' id='word_1_100' title='bbox 930 1318 988 1389; x_wconf 78' lang='lat' dir='ltr'><strong>agit</strong></span> <span class='ocrx_word' id='word_1_101' title='bbox 1004 1322 1086 1390; x_wconf 88' lang='lat' dir='ltr'><strong>prout</strong></span> <span class='ocrx_word' id='word_1_102' title='bbox 1100 1322 1142 1372; x_wconf 86' lang='lat' dir='ltr'><strong>est</strong></span> <span class='ocrx_word' id='word_1_103' title='bbox 1159 1317 1189 1370; x_wconf 93' lang='lat' dir='ltr'><strong>in</strong></span> <span class='ocrx_word' id='word_1_104' title='bbox 1204 1322 1274 1371; x_wconf 74' lang='lat' dir='ltr'><strong>aeta</strong></span> <span class='ocrx_word' id='word_1_105' title='bbox 1311 1315 1398 1370; x_wconf 87' lang='lat' dir='ltr'><strong>Diffe-</strong></span> 
     </span>
     <span class='ocr_line' id='line_1_12' title="bbox 292 1402 1398 1475; baseline -0.005 -14"><span class='ocrx_word' id='word_1_106' title='bbox 292 1406 380 1462; x_wconf 79' lang='lat' dir='ltr'><strong>tentia</strong></span> <span class='ocrx_word' id='word_1_107' title='bbox 390 1405 463 1460; x_wconf 88' lang='lat' dir='ltr'><strong>inter</strong></span> <span class='ocrx_word' id='word_1_108' title='bbox 473 1422 530 1460; x_wconf 86' lang='lat' dir='ltr'><strong>rem</strong></span> <span class='ocrx_word' id='word_1_109' title='bbox 542 1408 570 1458; x_wconf 90' lang='lat' dir='ltr'><strong>at</strong></span> <span class='ocrx_word' id='word_1_110' title='bbox 579 1403 638 1458; x_wconf 85' lang='lat' dir='ltr'><strong>siue</strong></span> <span class='ocrx_word' id='word_1_111' title='bbox 649 1407 774 1459; x_wconf 74' lang='lat' dir='ltr'><strong>natinam</strong></span> <span class='ocrx_word' id='word_1_112' title='bbox 786 1409 828 1458; x_wconf 86' lang='lat' dir='ltr'><strong>est</strong></span> <span class='ocrx_word' id='word_1_113' title='bbox 839 1405 927 1459; x_wconf 90' lang='lat' dir='ltr'><strong>solum</strong></span> <span class='ocrx_word' id='word_1_114' title='bbox 939 1404 968 1458; x_wconf 90' lang='lat' dir='ltr'><strong>in</strong></span> <span class='ocrx_word' id='word_1_115' title='bbox 975 1404 1028 1459; x_wconf 92' lang='lat' dir='ltr'><strong>hoc</strong></span> <span class='ocrx_word' id='word_1_116' title='bbox 1039 1404 1111 1475; x_wconf 90' lang='lat' dir='ltr'><strong>quod</strong></span> <span class='ocrx_word' id='word_1_117' title='bbox 1118 1422 1159 1458; x_wconf 83' lang='lat' dir='ltr'><strong>raa</strong></span> <span class='ocrx_word' id='word_1_118' title='bbox 1167 1402 1268 1457; x_wconf 78' lang='lat' dir='ltr'><strong>dicittu</strong></span> <span class='ocrx_word' id='word_1_119' title='bbox 1275 1402 1398 1458; x_wconf 84' lang='lat' dir='ltr'><strong>absolute</strong></span> 
     </span>
     <span class='ocr_line' id='line_1_13' title="bbox 292 1488 1397 1565; baseline -0.003 -19"><span class='ocrx_word' id='word_1_120' title='bbox 292 1492 383 1565; x_wconf 84' lang='lat' dir='ltr'><strong>quoad</strong></span> <span class='ocrx_word' id='word_1_121' title='bbox 398 1497 574 1562; x_wconf 65' lang='lat' dir='ltr'><strong>emanatura</strong></span> <span class='ocrx_word' id='word_1_122' title='bbox 590 1489 691 1545; x_wconf 81' lang='lat' dir='ltr'><strong>dicitru</strong></span> <span class='ocrx_word' id='word_1_123' title='bbox 707 1490 742 1544; x_wconf 89' lang='lat' dir='ltr'><strong>de</strong></span> <span class='ocrx_word' id='word_1_124' title='bbox 759 1490 855 1545; x_wconf 87' lang='lat' dir='ltr'><strong>eodem</strong></span> <span class='ocrx_word' id='word_1_125' title='bbox 873 1507 930 1546; x_wconf 86' lang='lat' dir='ltr'><strong>essa</strong></span> <span class='ocrx_word' id='word_1_126' title='bbox 947 1496 979 1546; x_wconf 88' lang='grc' dir='ltr'><strong>ιιι</strong></span> <span class='ocrx_word' id='word_1_127' title='bbox 991 1494 1033 1545; x_wconf 87' lang='lat' dir='ltr'><strong>est</strong></span> <span class='ocrx_word' id='word_1_128' title='bbox 1043 1490 1206 1563; x_wconf 88' lang='lat' dir='ltr'><strong>principium</strong></span> <span class='ocrx_word' id='word_1_129' title='bbox 1217 1488 1397 1561; x_wconf 76' lang='lat' dir='ltr'><strong>operationis:</strong></span> 
     </span>
     <span class='ocr_line' id='line_1_14' title="bbox 293 1575 1397 1651; baseline -0.005 -18"><span class='ocrx_word' id='word_1_130' title='bbox 293 1595 374 1651; x_wconf 86' lang='lat' dir='ltr'><strong>quare</strong></span> <span class='ocrx_word' id='word_1_131' title='bbox 390 1584 486 1632; x_wconf 81' lang='lat' dir='ltr'><strong>namra</strong></span> <span class='ocrx_word' id='word_1_132' title='bbox 502 1581 543 1631; x_wconf 86' lang='lat' dir='ltr'><strong>est</strong></span> <span class='ocrx_word' id='word_1_133' title='bbox 557 1576 665 1631; x_wconf 87' lang='lat' dir='ltr'><strong>realiter</strong></span> <span class='ocrx_word' id='word_1_134' title='bbox 676 1575 750 1630; x_wconf 89' lang='lat' dir='ltr'><strong>idem</strong></span> <span class='ocrx_word' id='word_1_135' title='bbox 765 1576 838 1648; x_wconf 83' lang='lat' dir='ltr'><strong>quod</strong></span> <span class='ocrx_word' id='word_1_136' title='bbox 853 1577 1005 1648; x_wconf 68' lang='lat' dir='ltr'><strong>madidari</strong></span> <span class='ocrx_word' id='word_1_137' title='bbox 1019 1581 1111 1631; x_wconf 89' lang='lat' dir='ltr'><strong>autem</strong></span> <span class='ocrx_word' id='word_1_138' title='bbox 1127 1576 1274 1631; x_wconf 86' lang='lat' dir='ltr'><strong>secundum</strong></span> <span class='ocrx_word' id='word_1_139' title='bbox 1284 1576 1397 1629; x_wconf 91' lang='lat' dir='ltr'><strong>modum</strong></span> 
     </span>
     <span class='ocr_line' id='line_1_15' title="bbox 292 1661 1401 1735; baseline -0.003 -16"><span class='ocrx_word' id='word_1_140' title='bbox 292 1663 467 1735; x_wconf 87' lang='lat' dir='ltr'><strong>concipiendi.</strong></span> <span class='ocrx_word' id='word_1_141' title='bbox 505 1661 532 1717; x_wconf 80' lang='lat' dir='ltr'><strong>S.</strong></span> <span class='ocrx_word' id='word_1_142' title='bbox 554 1661 672 1716; x_wconf 78' lang='lat' dir='ltr'><strong>Thomas</strong></span> <span class='ocrx_word' id='word_1_143' title='bbox 689 1661 761 1717; x_wconf 87' lang='lat' dir='ltr'><strong>inter</strong></span> <span class='ocrx_word' id='word_1_144' title='bbox 776 1668 909 1732; x_wconf 86' lang='lat' dir='ltr'><strong>naturam,</strong></span> <span class='ocrx_word' id='word_1_145' title='bbox 922 1663 1067 1718; x_wconf 87' lang='lat' dir='ltr'><strong>essentiam</strong></span> <span class='ocrx_word' id='word_1_146' title='bbox 1085 1668 1114 1717; x_wconf 90' lang='lat' dir='ltr'><strong>et</strong></span> <span class='ocrx_word' id='word_1_147' title='bbox 1130 1661 1312 1734; x_wconf 81' lang='lat' dir='ltr'><strong>quidditatem</strong></span> <span class='ocrx_word' id='word_1_148' title='bbox 1328 1661 1401 1716; x_wconf 88' lang='lat' dir='ltr'><strong>hanc</strong></span> 
     </span>
     <span class='ocr_line' id='line_1_16' title="bbox 292 1746 1399 1821; baseline -0.005 -16"><span class='ocrx_word' id='word_1_149' title='bbox 292 1749 496 1805; x_wconf 77' lang='lat' dir='ltr'><strong>distinctionem</strong></span> <span class='ocrx_word' id='word_1_150' title='bbox 507 1747 586 1821; x_wconf 89' lang='lat' dir='ltr'><strong>ponit</strong></span> <span class='ocrx_word' id='word_1_151' title='bbox 596 1748 651 1819; x_wconf 84' lang='lat' dir='ltr'><strong>(De</strong></span> <span class='ocrx_word' id='word_1_152' title='bbox 664 1747 727 1802; x_wconf 84' lang='lat' dir='ltr'><strong>ente</strong></span> <span class='ocrx_word' id='word_1_153' title='bbox 739 1754 767 1803; x_wconf 88' lang='lat' dir='ltr'><strong>et</strong></span> <span class='ocrx_word' id='word_1_154' title='bbox 778 1749 903 1819; x_wconf 78' lang='lat' dir='ltr'><strong>essentia,</strong></span> <span class='ocrx_word' id='word_1_155' title='bbox 917 1767 939 1804; x_wconf 85' lang='lat' dir='ltr'><strong>c</strong></span> <span class='ocrx_word' id='word_1_156' title='bbox 952 1749 1000 1819; x_wconf 88' lang='lat' dir='ltr'><strong>I):</strong></span> <span class='ocrx_word' id='word_1_157' title='bbox 1019 1746 1121 1803; x_wconf 86' lang='lat' dir='ltr'><strong>Nomen</strong></span> <span class='ocrx_word' id='word_1_158' title='bbox 1133 1755 1236 1802; x_wconf 81' lang='lat' dir='ltr'><strong>namra</strong></span> <span class='ocrx_word' id='word_1_159' title='bbox 1247 1749 1349 1802; x_wconf 82' lang='lat' dir='ltr'><strong>oidetnr</strong></span> <span class='ocrx_word' id='word_1_160' title='bbox 1361 1747 1399 1800; x_wconf 86' lang='lat' dir='ltr'><strong>ai-</strong></span> 
     </span>
     <span class='ocr_line' id='line_1_17' title="bbox 293 1834 1399 1908; baseline -0.002 -20"><span class='ocrx_word' id='word_1_161' title='bbox 293 1836 420 1908; x_wconf 66' lang='lat' dir='ltr'><strong>pnptcnre</strong></span> <span class='ocrx_word' id='word_1_162' title='bbox 437 1835 571 1890; x_wconf 73' lang='lat' dir='ltr'><strong>canentiam</strong></span> <span class='ocrx_word' id='word_1_163' title='bbox 587 1834 628 1888; x_wconf 81' lang='lat' dir='ltr'><strong>rei</strong></span> <span class='ocrx_word' id='word_1_164' title='bbox 643 1836 781 1889; x_wconf 67' lang='lat' dir='ltr'><strong>madum</strong></span> <span class='ocrx_word' id='word_1_165' title='bbox 799 1837 868 1906; x_wconf 82' lang='lat' dir='ltr'><strong>qaod</strong></span> <span class='ocrx_word' id='word_1_166' title='bbox 883 1836 959 1890; x_wconf 80' lang='lat' dir='ltr'><strong>tabet</strong></span> <span class='ocrx_word' id='word_1_167' title='bbox 976 1836 1093 1890; x_wconf 77' lang='lat' dir='ltr'><strong>ordinem</strong></span> <span class='ocrx_word' id='word_1_168' title='bbox 1110 1836 1150 1890; x_wconf 81' lang='lat' dir='ltr'><strong>ml</strong></span> <span class='ocrx_word' id='word_1_169' title='bbox 1160 1834 1349 1889; x_wconf 73' lang='lat' dir='ltr'><strong>ordinationem</strong></span> <span class='ocrx_word' id='word_1_170' title='bbox 1361 1834 1399 1886; x_wconf 77' lang='lat' dir='ltr'><strong>ad</strong></span> 
     </span>
     <span class='ocr_line' id='line_1_18' title="bbox 287 1921 1397 1994; baseline -0.001 -18"><span class='ocrx_word' id='word_1_171' title='bbox 287 1922 428 1994; x_wconf 74' lang='lat' dir='ltr'><strong>propriam</strong></span> <span class='ocrx_word' id='word_1_172' title='bbox 448 1921 621 1992; x_wconf 74' lang='lat' dir='ltr'><strong>operationem</strong></span> <span class='ocrx_word' id='word_1_173' title='bbox 642 1921 688 1990; x_wconf 80' lang='lat' dir='ltr'><strong>mi,</strong></span> <span class='ocrx_word' id='word_1_174' title='bbox 701 1939 781 1992; x_wconf 83' lang='lat' dir='ltr'><strong>qnnm</strong></span> <span class='ocrx_word' id='word_1_175' title='bbox 802 1923 874 1976; x_wconf 73' lang='lat' dir='ltr'><strong>mella</strong></span> <span class='ocrx_word' id='word_1_176' title='bbox 891 1940 933 1976; x_wconf 81' lang='lat' dir='ltr'><strong>rea</strong></span> <span class='ocrx_word' id='word_1_177' title='bbox 948 1922 1230 1993; x_wconf 61' lang='lat' dir='ltr'><strong>praenominatur</strong></span> <span class='ocrx_word' id='word_1_178' title='bbox 1242 1921 1397 1992; x_wconf 79' lang='lat' dir='ltr'><strong>operatione.</strong></span> 
     </span>
     <span class='ocr_line' id='line_1_19' title="bbox 298 2007 1397 2079; baseline -0.001 -16"><span class='ocrx_word' id='word_1_179' title='bbox 298 2008 458 2071; x_wconf 79' lang='lat' dir='ltr'><strong>Qnidditatrit</strong></span> <span class='ocrx_word' id='word_1_180' title='bbox 468 2027 528 2063; x_wconf 85' lang='lat' dir='ltr'><strong>aero</strong></span> <span class='ocrx_word' id='word_1_181' title='bbox 539 2025 632 2062; x_wconf 83' lang='lat' dir='ltr'><strong>nomen</strong></span> <span class='ocrx_word' id='word_1_182' title='bbox 643 2008 757 2062; x_wconf 73' lang='lat' dir='ltr'><strong>nimiter</strong></span> <span class='ocrx_word' id='word_1_183' title='bbox 776 2027 808 2062; x_wconf 84' lang='lat' dir='ltr'><strong>aa</strong></span> <span class='ocrx_word' id='word_1_184' title='bbox 824 2009 871 2062; x_wconf 79' lang='lat' dir='ltr'><strong>boc</strong></span> <span class='ocrx_word' id='word_1_185' title='bbox 888 2010 957 2079; x_wconf 80' lang='lat' dir='ltr'><strong>qnod</strong></span> <span class='ocrx_word' id='word_1_186' title='bbox 967 2025 1019 2078; x_wconf 81' lang='lat' dir='ltr'><strong>por</strong></span> <span class='ocrx_word' id='word_1_187' title='bbox 1035 2007 1210 2079; x_wconf 59' lang='lat' dir='ltr'><strong>dffinitimnm</strong></span> <span class='ocrx_word' id='word_1_188' title='bbox 1226 2007 1397 2079; x_wconf 69' lang='lat' dir='ltr'><strong>sipnffioatrm</strong></span> 
     </span>
     <span class='ocr_line' id='line_1_20' title="bbox 293 2091 1354 2166; baseline -0.001 -17"><span class='ocrx_word' id='word_1_189' title='bbox 293 2095 463 2150; x_wconf 76' lang='lat' dir='ltr'><strong>Sedeasmtia</strong></span> <span class='ocrx_word' id='word_1_190' title='bbox 476 2095 1254 2166; x_wconf 78' lang='lat' dir='ltr'><strong>dioitnraeonndnmqnadpereametineareababeteaae.</strong></span> <span class='ocrx_word' id='word_1_191' title='bbox 1351 2091 1354 2098; x_wconf 83' lang='lat'>&#39;</span> 
     </span>
    </p>

    <p class='ocr_par' dir='ltr' id='par_1_4' title="bbox 218 2179 1399 3377">
     <span class='ocr_line' id='line_1_21' title="bbox 327 2179 1398 2253; baseline -0.002 -17"><span class='ocrx_word' id='word_1_192' title='bbox 327 2181 445 2252; x_wconf 82' lang='lat' dir='ltr'><strong>Antiqui</strong></span> <span class='ocrx_word' id='word_1_193' title='bbox 461 2181 544 2235; x_wconf 83' lang='lat' dir='ltr'><strong>etiarn</strong></span> <span class='ocrx_word' id='word_1_194' title='bbox 561 2179 744 2235; x_wconf 85' lang='lat' dir='ltr'><strong>accidentibus</strong></span> <span class='ocrx_word' id='word_1_195' title='bbox 760 2180 914 2235; x_wconf 81' lang='lat' dir='ltr'><strong>tribuenmt</strong></span> <span class='ocrx_word' id='word_1_196' title='bbox 930 2197 1029 2235; x_wconf 89' lang='lat' dir='ltr'><strong>nomen</strong></span> <span class='ocrx_word' id='word_1_197' title='bbox 1045 2187 1155 2249; x_wconf 69' lang='lat' dir='ltr'><strong>mara,</strong></span> <span class='ocrx_word' id='word_1_198' title='bbox 1167 2184 1227 2234; x_wconf 88' lang='lat' dir='ltr'><strong>tum</strong></span> <span class='ocrx_word' id='word_1_199' title='bbox 1248 2180 1313 2253; x_wconf 90' lang='lat' dir='ltr'><strong>quia</strong></span> <span class='ocrx_word' id='word_1_200' title='bbox 1331 2197 1398 2235; x_wconf 87' lang='lat' dir='ltr'><strong>con·</strong></span> 
     </span>
     <span class='ocr_line' id='line_1_22' title="bbox 292 2265 1397 2340; baseline -0.001 -17"><span class='ocrx_word' id='word_1_201' title='bbox 292 2268 425 2324; x_wconf 85' lang='lat' dir='ltr'><strong>cedebant</strong></span> <span class='ocrx_word' id='word_1_202' title='bbox 444 2269 519 2340; x_wconf 85' lang='lat' dir='ltr'><strong>quod</strong></span> <span class='ocrx_word' id='word_1_203' title='bbox 529 2267 601 2323; x_wconf 85' lang='lat' dir='ltr'><strong>rires</strong></span> <span class='ocrx_word' id='word_1_204' title='bbox 622 2267 719 2322; x_wconf 72' lang='lat' dir='ltr'><strong>activas</strong></span> <span class='ocrx_word' id='word_1_205' title='bbox 740 2271 830 2322; x_wconf 76' lang='lat' dir='ltr'><strong>essent</strong></span> <span class='ocrx_word' id='word_1_206' title='bbox 850 2267 1008 2335; x_wconf 82' lang='lat' dir='ltr'><strong>accidentia,</strong></span> <span class='ocrx_word' id='word_1_207' title='bbox 1021 2273 1082 2321; x_wconf 92' lang='lat' dir='ltr'><strong>tum</strong></span> <span class='ocrx_word' id='word_1_208' title='bbox 1097 2265 1162 2338; x_wconf 88' lang='lat' dir='ltr'><strong>quia</strong></span> <span class='ocrx_word' id='word_1_209' title='bbox 1177 2283 1276 2321; x_wconf 89' lang='lat' dir='ltr'><strong>nomen</strong></span> <span class='ocrx_word' id='word_1_210' title='bbox 1292 2273 1397 2322; x_wconf 81' lang='lat' dir='ltr'><strong>naturae</strong></span> 
     </span>
     <span class='ocr_line' id='line_1_23' title="bbox 291 2353 1398 2427; baseline -0.001 -18"><span class='ocrx_word' id='word_1_211' title='bbox 291 2354 377 2426; x_wconf 84' lang='lat' dir='ltr'><strong>accipi</strong></span> <span class='ocrx_word' id='word_1_212' title='bbox 388 2358 479 2427; x_wconf 87' lang='lat' dir='ltr'><strong>potest</strong></span> <span class='ocrx_word' id='word_1_213' title='bbox 489 2353 519 2407; x_wconf 92' lang='lat' dir='ltr'><strong>in</strong></span> <span class='ocrx_word' id='word_1_214' title='bbox 530 2370 612 2408; x_wconf 83' lang='lat' dir='ltr'><strong>samu</strong></span> <span class='ocrx_word' id='word_1_215' title='bbox 622 2353 725 2421; x_wconf 88' lang='lat' dir='ltr'><strong>latiora,</strong></span> <span class='ocrx_word' id='word_1_216' title='bbox 734 2372 761 2408; x_wconf 83' lang='lat' dir='ltr'><strong>r.</strong></span> <span class='ocrx_word' id='word_1_217' title='bbox 773 2371 811 2425; x_wconf 85' lang='lat' dir='ltr'><strong>gr.</strong></span> <span class='ocrx_word' id='word_1_218' title='bbox 821 2371 870 2427; x_wconf 91' lang='lat' dir='ltr'><strong>pro</strong></span> <span class='ocrx_word' id='word_1_219' title='bbox 882 2353 998 2409; x_wconf 85' lang='lat' dir='ltr'><strong>essentia</strong></span> <span class='ocrx_word' id='word_1_220' title='bbox 1009 2353 1056 2408; x_wconf 85' lang='lat' dir='ltr'><strong>rei.</strong></span> <span class='ocrx_word' id='word_1_221' title='bbox 1083 2353 1141 2408; x_wconf 89' lang='lat' dir='ltr'><strong>Nos</strong></span> <span class='ocrx_word' id='word_1_222' title='bbox 1152 2353 1261 2408; x_wconf 81' lang='lat' dir='ltr'><strong>nrrllum</strong></span> <span class='ocrx_word' id='word_1_223' title='bbox 1272 2353 1398 2409; x_wconf 84' lang='lat' dir='ltr'><strong>accidens</strong></span> 
     </span>
     <span class='ocr_line' id='line_1_24' title="bbox 293 2439 1398 2513; baseline -0.001 -18"><span class='ocrx_word' id='word_1_224' title='bbox 293 2440 471 2509; x_wconf 80' lang='lat' dir='ltr'><strong>admittimus,</strong></span> <span class='ocrx_word' id='word_1_225' title='bbox 484 2440 591 2512; x_wconf 89' lang='lat' dir='ltr'><strong>quovis</strong></span> <span class='ocrx_word' id='word_1_226' title='bbox 603 2439 694 2496; x_wconf 81' lang='lat' dir='ltr'><strong>activa</strong></span> <span class='ocrx_word' id='word_1_227' title='bbox 704 2440 890 2511; x_wconf 60' lang='lat' dir='ltr'><strong>continentum</strong></span> <span class='ocrx_word' id='word_1_228' title='bbox 908 2441 981 2495; x_wconf 89' lang='lat' dir='ltr'><strong>unde</strong></span> <span class='ocrx_word' id='word_1_229' title='bbox 992 2446 1096 2509; x_wconf 81' lang='lat' dir='ltr'><strong>natura,</strong></span> <span class='ocrx_word' id='word_1_230' title='bbox 1109 2446 1140 2495; x_wconf 88' lang='lat' dir='ltr'><strong>ut</strong></span> <span class='ocrx_word' id='word_1_231' title='bbox 1150 2439 1314 2513; x_wconf 87' lang='lat' dir='ltr'><strong>principium</strong></span> <span class='ocrx_word' id='word_1_232' title='bbox 1331 2458 1398 2512; x_wconf 87' lang='lat' dir='ltr'><strong>ope-</strong></span> 
     </span>
     <span class='ocr_line' id='line_1_25' title="bbox 293 2526 1396 2598; baseline 0.001 -17"><span class='ocrx_word' id='word_1_233' title='bbox 293 2526 415 2597; x_wconf 88' lang='lat' dir='ltr'><strong>rationis,</strong></span> <span class='ocrx_word' id='word_1_234' title='bbox 426 2545 481 2580; x_wconf 93' lang='lat' dir='ltr'><strong>non</strong></span> <span class='ocrx_word' id='word_1_235' title='bbox 492 2531 584 2598; x_wconf 84' lang='lat' dir='ltr'><strong>potest</strong></span> <span class='ocrx_word' id='word_1_236' title='bbox 596 2526 675 2581; x_wconf 85' lang='lat' dir='ltr'><strong>iuxta</strong></span> <span class='ocrx_word' id='word_1_237' title='bbox 685 2543 734 2581; x_wconf 83' lang='lat' dir='ltr'><strong>nos</strong></span> <span class='ocrx_word' id='word_1_238' title='bbox 745 2526 886 2598; x_wconf 74' lang='lat' dir='ltr'><strong>predicari</strong></span> <span class='ocrx_word' id='word_1_239' title='bbox 906 2526 940 2582; x_wconf 92' lang='lat' dir='ltr'><strong>da</strong></span> <span class='ocrx_word' id='word_1_240' title='bbox 959 2527 1051 2598; x_wconf 86' lang='lat' dir='ltr'><strong>aliquo</strong></span> <span class='ocrx_word' id='word_1_241' title='bbox 1071 2526 1208 2581; x_wconf 86' lang='lat' dir='ltr'><strong>accidente</strong></span> <span class='ocrx_word' id='word_1_242' title='bbox 1221 2526 1283 2597; x_wconf 77' lang='lat' dir='ltr'><strong>(vl.</strong></span> <span class='ocrx_word' id='word_1_243' title='bbox 1296 2545 1323 2580; x_wconf 91' lang='lat' dir='ltr'><strong>n.</strong></span> <span class='ocrx_word' id='word_1_244' title='bbox 1336 2527 1396 2597; x_wconf 69' lang='lat'><strong>26).</strong></span> 
     </span>
     <span class='ocr_line' id='line_1_26' title="bbox 293 2611 1396 2685; baseline 0 -18"><span class='ocrx_word' id='word_1_245' title='bbox 293 2611 324 2667; x_wconf 84' lang='lat' dir='ltr'><strong>Si</strong></span> <span class='ocrx_word' id='word_1_246' title='bbox 342 2616 435 2667; x_wconf 86' lang='lat' dir='ltr'><strong>antem</strong></span> <span class='ocrx_word' id='word_1_247' title='bbox 451 2612 599 2685; x_wconf 83' lang='lat' dir='ltr'><strong>accipiatur</strong></span> <span class='ocrx_word' id='word_1_248' title='bbox 615 2618 712 2667; x_wconf 85' lang='lat' dir='ltr'><strong>natura</strong></span> <span class='ocrx_word' id='word_1_249' title='bbox 723 2629 771 2684; x_wconf 88' lang='lat' dir='ltr'><strong>pro</strong></span> <span class='ocrx_word' id='word_1_250' title='bbox 783 2613 907 2681; x_wconf 84' lang='lat' dir='ltr'><strong>essentia,</strong></span> <span class='ocrx_word' id='word_1_251' title='bbox 920 2611 1103 2667; x_wconf 86' lang='lat' dir='ltr'><strong>accidentibus</strong></span> <span class='ocrx_word' id='word_1_252' title='bbox 1115 2611 1258 2667; x_wconf 86' lang='lat' dir='ltr'><strong>conveniet</strong></span> <span class='ocrx_word' id='word_1_253' title='bbox 1269 2631 1301 2667; x_wconf 89' lang='lat' dir='ltr'><strong>eo</strong></span> <span class='ocrx_word' id='word_1_254' title='bbox 1312 2614 1396 2668; x_wconf 91' lang='lat' dir='ltr'><strong>modo</strong></span> 
     </span>
     <span class='ocr_line' id='line_1_27' title="bbox 292 2699 1399 2771; baseline 0 -17"><span class='ocrx_word' id='word_1_255' title='bbox 292 2713 347 2771; x_wconf 86' lang='lat' dir='ltr'><strong>quo</strong></span> <span class='ocrx_word' id='word_1_256' title='bbox 358 2699 461 2755; x_wconf 88' lang='lat' dir='ltr'><strong>habent</strong></span> <span class='ocrx_word' id='word_1_257' title='bbox 471 2700 630 2754; x_wconf 85' lang='lat' dir='ltr'><strong>essentiam:</strong></span> <span class='ocrx_word' id='word_1_258' title='bbox 649 2704 682 2754; x_wconf 88' lang='lat' dir='ltr'><strong>ut</strong></span> <span class='ocrx_word' id='word_1_259' title='bbox 692 2716 777 2771; x_wconf 87' lang='lat' dir='ltr'><strong>quum</strong></span> <span class='ocrx_word' id='word_1_260' title='bbox 788 2699 887 2753; x_wconf 86' lang='lat' dir='ltr'><strong>dicitur</strong></span> <span class='ocrx_word' id='word_1_261' title='bbox 897 2705 994 2753; x_wconf 69' lang='lat' dir='ltr'><strong>naara</strong></span> <span class='ocrx_word' id='word_1_262' title='bbox 1006 2699 1136 2767; x_wconf 77' lang='lat' dir='ltr'><strong>albedinis,</strong></span> <span class='ocrx_word' id='word_1_263' title='bbox 1149 2715 1210 2770; x_wconf 82' lang='lat' dir='ltr'><strong>quae</strong></span> <span class='ocrx_word' id='word_1_264' title='bbox 1222 2717 1278 2752; x_wconf 93' lang='lat' dir='ltr'><strong>non</strong></span> <span class='ocrx_word' id='word_1_265' title='bbox 1289 2705 1331 2753; x_wconf 88' lang='lat' dir='ltr'><strong>est</strong></span> <span class='ocrx_word' id='word_1_266' title='bbox 1342 2700 1399 2754; x_wconf 87' lang='lat' dir='ltr'><strong>alia</strong></span> 
     </span>
     <span class='ocr_line' id='line_1_28' title="bbox 291 2785 1396 2859; baseline -0.001 -17"><span class='ocrx_word' id='word_1_267' title='bbox 291 2802 374 2859; x_wconf 84' lang='lat' dir='ltr'><strong>quam</strong></span> <span class='ocrx_word' id='word_1_268' title='bbox 391 2793 488 2841; x_wconf 83' lang='lat' dir='ltr'><strong>natura</strong></span> <span class='ocrx_word' id='word_1_269' title='bbox 505 2787 563 2840; x_wconf 81' lang='lat' dir='ltr'><strong>albi.</strong></span> <span class='ocrx_word' id='word_1_270' title='bbox 601 2785 738 2841; x_wconf 84' lang='lat' dir='ltr'><strong>Oaeternm</strong></span> <span class='ocrx_word' id='word_1_271' title='bbox 755 2786 916 2858; x_wconf 80' lang='lat' dir='ltr'><strong>generalitor</strong></span> <span class='ocrx_word' id='word_1_272' title='bbox 932 2787 986 2841; x_wconf 90' lang='lat' dir='ltr'><strong>dici</strong></span> <span class='ocrx_word' id='word_1_273' title='bbox 1003 2791 1093 2857; x_wconf 86' lang='lat' dir='ltr'><strong>potest</strong></span> <span class='ocrx_word' id='word_1_274' title='bbox 1110 2792 1208 2840; x_wconf 75' lang='lat' dir='ltr'><strong>nmero</strong></span> <span class='ocrx_word' id='word_1_275' title='bbox 1224 2787 1265 2840; x_wconf 85' lang='lat' dir='ltr'><strong>rei</strong></span> <span class='ocrx_word' id='word_1_276' title='bbox 1277 2787 1312 2840; x_wconf 91' lang='lat' dir='ltr'><strong>ad</strong></span> <span class='ocrx_word' id='word_1_277' title='bbox 1323 2786 1396 2841; x_wconf 91' lang='lat' dir='ltr'><strong>iudi·</strong></span> 
     </span>
     <span class='ocr_line' id='line_1_29' title="bbox 292 2871 1396 2944; baseline -0.002 -16"><span class='ocrx_word' id='word_1_278' title='bbox 292 2874 408 2928; x_wconf 86' lang='lat' dir='ltr'><strong>candum</strong></span> <span class='ocrx_word' id='word_1_279' title='bbox 425 2873 455 2928; x_wconf 92' lang='lat' dir='ltr'><strong>id</strong></span> <span class='ocrx_word' id='word_1_280' title='bbox 472 2873 507 2928; x_wconf 83' lang='lat' dir='ltr'><strong>ad</strong></span> <span class='ocrx_word' id='word_1_281' title='bbox 525 2872 598 2944; x_wconf 89' lang='lat' dir='ltr'><strong>quod</strong></span> <span class='ocrx_word' id='word_1_282' title='bbox 614 2891 657 2928; x_wconf 84' lang='lat' dir='ltr'><strong>ree</strong></span> <span class='ocrx_word' id='word_1_283' title='bbox 675 2879 740 2926; x_wconf 87' lang='lat' dir='ltr'><strong>nata</strong></span> <span class='ocrx_word' id='word_1_284' title='bbox 757 2879 820 2944; x_wconf 81' lang='lat' dir='ltr'><strong>apta</strong></span> <span class='ocrx_word' id='word_1_285' title='bbox 836 2878 889 2926; x_wconf 86' lang='lat' dir='ltr'><strong>est:</strong></span> <span class='ocrx_word' id='word_1_286' title='bbox 909 2877 937 2927; x_wconf 90' lang='lat' dir='ltr'><strong>et</strong></span> <span class='ocrx_word' id='word_1_287' title='bbox 955 2872 993 2926; x_wconf 90' lang='lat' dir='ltr'><strong>sic</strong></span> <span class='ocrx_word' id='word_1_288' title='bbox 1005 2872 1096 2928; x_wconf 86' lang='lat' dir='ltr'><strong>omnia</strong></span> <span class='ocrx_word' id='word_1_289' title='bbox 1108 2871 1162 2926; x_wconf 87' lang='lat' dir='ltr'><strong>dici</strong></span> <span class='ocrx_word' id='word_1_290' title='bbox 1174 2872 1396 2944; x_wconf 84' lang='lat' dir='ltr'><strong>possunthabere</strong></span> 
     </span>
     <span class='ocr_line' id='line_1_30' title="bbox 292 2958 1394 3031; baseline -0.002 -17"><span class='ocrx_word' id='word_1_291' title='bbox 292 2963 424 3014; x_wconf 83' lang='lat' dir='ltr'><strong>naturam.</strong></span> <span class='ocrx_word' id='word_1_292' title='bbox 461 2959 541 3031; x_wconf 81' lang='lat' dir='ltr'><strong>Saepe</strong></span> <span class='ocrx_word' id='word_1_293' title='bbox 559 2959 643 3014; x_wconf 85' lang='lat' dir='ltr'><strong>etiam</strong></span> <span class='ocrx_word' id='word_1_294' title='bbox 660 2965 756 3013; x_wconf 85' lang='lat' dir='ltr'><strong>natura</strong></span> <span class='ocrx_word' id='word_1_295' title='bbox 773 2958 874 3014; x_wconf 78' lang='lat' dir='ltr'><strong>dioittu</strong></span> <span class='ocrx_word' id='word_1_296' title='bbox 890 2959 924 3014; x_wconf 89' lang='lat' dir='ltr'><strong>de</strong></span> <span class='ocrx_word' id='word_1_297' title='bbox 942 2963 1004 3012; x_wconf 86' lang='lat' dir='ltr'><strong>ente</strong></span> <span class='ocrx_word' id='word_1_298' title='bbox 1019 2959 1091 3030; x_wconf 90' lang='lat' dir='ltr'><strong>quod</strong></span> <span class='ocrx_word' id='word_1_299' title='bbox 1102 2976 1137 3012; x_wconf 83' lang='lat' dir='ltr'><strong>ex</strong></span> <span class='ocrx_word' id='word_1_300' title='bbox 1149 2959 1308 3014; x_wconf 86' lang='lat' dir='ltr'><strong>necessitate</strong></span> <span class='ocrx_word' id='word_1_301' title='bbox 1320 2959 1394 3030; x_wconf 86' lang='lat' dir='ltr'><strong>agit:</strong></span> 
     </span>
     <span class='ocr_line' id='line_1_31' title="bbox 293 3045 1394 3118; baseline -0.002 -18"><span class='ocrx_word' id='word_1_302' title='bbox 293 3050 322 3099; x_wconf 86' lang='lat' dir='ltr'><strong>et</strong></span> <span class='ocrx_word' id='word_1_303' title='bbox 332 3050 399 3100; x_wconf 81' lang='lat' dir='ltr'><strong>ttrnc</strong></span> <span class='ocrx_word' id='word_1_304' title='bbox 410 3045 783 3118; x_wconf 79' lang='lat' dir='ltr'><strong>nataraleopponiturbboro:</strong></span> <span class='ocrx_word' id='word_1_305' title='bbox 802 3045 947 3116; x_wconf 84' lang='lat' dir='ltr'><strong>aliquando</strong></span> <span class='ocrx_word' id='word_1_306' title='bbox 955 3048 1100 3099; x_wconf 81' lang='lat' dir='ltr'><strong>naturaest</strong></span> <span class='ocrx_word' id='word_1_307' title='bbox 1108 3061 1207 3099; x_wconf 89' lang='lat' dir='ltr'><strong>nomen</strong></span> <span class='ocrx_word' id='word_1_308' title='bbox 1214 3045 1394 3115; x_wconf 87' lang='lat' dir='ltr'><strong>collectivum,</strong></span> 
     </span>
     <span class='ocr_line' id='line_1_32' title="bbox 294 3130 1395 3204; baseline 0 -18"><span class='ocrx_word' id='word_1_309' title='bbox 294 3135 323 3186; x_wconf 85' lang='lat' dir='ltr'><strong>et</strong></span> <span class='ocrx_word' id='word_1_310' title='bbox 339 3131 475 3203; x_wconf 82' lang='lat' dir='ltr'><strong>significat</strong></span> <span class='ocrx_word' id='word_1_311' title='bbox 492 3132 580 3185; x_wconf 85' lang='lat' dir='ltr'><strong>omnia</strong></span> <span class='ocrx_word' id='word_1_312' title='bbox 595 3137 682 3187; x_wconf 79' lang='lat' dir='ltr'><strong>creata</strong></span> <span class='ocrx_word' id='word_1_313' title='bbox 693 3131 841 3185; x_wconf 71' lang='lat' dir='ltr'><strong>materialia</strong></span> <span class='ocrx_word' id='word_1_314' title='bbox 854 3137 882 3186; x_wconf 88' lang='lat' dir='ltr'><strong>et</strong></span> <span class='ocrx_word' id='word_1_315' title='bbox 892 3147 953 3204; x_wconf 82' lang='lat' dir='ltr'><strong>quas</strong></span> <span class='ocrx_word' id='word_1_316' title='bbox 965 3135 1050 3202; x_wconf 73' lang='lat' dir='ltr'><strong>agant</strong></span> <span class='ocrx_word' id='word_1_317' title='bbox 1061 3147 1096 3184; x_wconf 86' lang='lat' dir='ltr'><strong>ex</strong></span> <span class='ocrx_word' id='word_1_318' title='bbox 1106 3130 1273 3186; x_wconf 84' lang='lat' dir='ltr'><strong>necessitate.</strong></span> <span class='ocrx_word' id='word_1_319' title='bbox 1310 3131 1395 3186; x_wconf 87' lang='lat' dir='ltr'><strong>Deni-</strong></span> 
     </span>
     <span class='ocr_line' id='line_1_33' title="bbox 218 3216 1395 3289; baseline -0.003 -13"><span class='ocrx_word' id='word_1_320' title='bbox 218 3271 220 3276; x_wconf 81' lang='grc'>,</span> <span class='ocrx_word' id='word_1_321' title='bbox 292 3231 346 3289; x_wconf 86' lang='lat' dir='ltr'><strong>qus</strong></span> <span class='ocrx_word' id='word_1_322' title='bbox 356 3221 454 3271; x_wconf 84' lang='lat' dir='ltr'><strong>natura</strong></span> <span class='ocrx_word' id='word_1_323' title='bbox 465 3217 549 3272; x_wconf 84' lang='lat' dir='ltr'><strong>etiam</strong></span> <span class='ocrx_word' id='word_1_324' title='bbox 560 3217 705 3289; x_wconf 80' lang='lat' dir='ltr'><strong>opponitur</strong></span> <span class='ocrx_word' id='word_1_325' title='bbox 715 3217 853 3272; x_wconf 82' lang='lat' dir='ltr'><strong>violentiae</strong></span> <span class='ocrx_word' id='word_1_326' title='bbox 871 3221 919 3270; x_wconf 92' lang='lat' dir='ltr'><strong>aut</strong></span> <span class='ocrx_word' id='word_1_327' title='bbox 937 3216 1006 3271; x_wconf 86' lang='lat' dir='ltr'><strong>arti:</strong></span> <span class='ocrx_word' id='word_1_328' title='bbox 1025 3221 1054 3270; x_wconf 91' lang='lat' dir='ltr'><strong>et</strong></span> <span class='ocrx_word' id='word_1_329' title='bbox 1070 3216 1193 3270; x_wconf 82' lang='lat' dir='ltr'><strong>naturale</strong></span> <span class='ocrx_word' id='word_1_330' title='bbox 1211 3216 1347 3288; x_wconf 78' lang='lat' dir='ltr'><strong>significat</strong></span> <span class='ocrx_word' id='word_1_331' title='bbox 1364 3218 1395 3273; x_wconf 91' lang='lat' dir='ltr'><strong>id</strong></span> 
     </span>
     <span class='ocr_line' id='line_1_34' title="bbox 294 3302 1351 3377; baseline 0 -19"><span class='ocrx_word' id='word_1_332' title='bbox 294 3304 368 3377; x_wconf 87' lang='lat' dir='ltr'><strong>qnod</strong></span> <span class='ocrx_word' id='word_1_333' title='bbox 380 3305 484 3357; x_wconf 74' lang='lat' dir='ltr'><strong>natira</strong></span> <span class='ocrx_word' id='word_1_334' title='bbox 496 3303 630 3371; x_wconf 85' lang='lat' dir='ltr'><strong>convenit,</strong></span> <span class='ocrx_word' id='word_1_335' title='bbox 643 3307 691 3356; x_wconf 89' lang='lat' dir='ltr'><strong>aut</strong></span> <span class='ocrx_word' id='word_1_336' title='bbox 702 3319 719 3358; x_wconf 89' lang='lat' dir='ltr'><strong>a</strong></span> <span class='ocrx_word' id='word_1_337' title='bbox 729 3308 826 3357; x_wconf 78' lang='lat' dir='ltr'><strong>nabun</strong></span> <span class='ocrx_word' id='word_1_338' title='bbox 836 3302 958 3374; x_wconf 88' lang='lat' dir='ltr'><strong>procedit</strong></span> <span class='ocrx_word' id='word_1_339' title='bbox 968 3302 1069 3373; x_wconf 84' lang='lat' dir='ltr'><strong>absque</strong></span> <span class='ocrx_word' id='word_1_340' title='bbox 1081 3302 1215 3357; x_wconf 83' lang='lat' dir='ltr'><strong>industria</strong></span> <span class='ocrx_word' id='word_1_341' title='bbox 1226 3303 1351 3358; x_wconf 86' lang='lat' dir='ltr'><strong>hominis.</strong></span> 
     </span>
    </p>

    <p class='ocr_par' dir='ltr' id='par_1_5' title="bbox 290 3388 1398 4396">
     <span class='ocr_line' id='line_1_35' title="bbox 330 3388 1394 3459; baseline 0.001 -15"><span class='ocrx_word' id='word_1_342' title='bbox 330 3390 372 3445; x_wconf 80' lang='lat'><strong>29.</strong></span> <span class='ocrx_word' id='word_1_343' title='bbox 391 3388 478 3443; x_wconf 87' lang='lat' dir='ltr'><strong>Omne</strong></span> <span class='ocrx_word' id='word_1_344' title='bbox 490 3405 537 3442; x_wconf 82' lang='lat' dir='ltr'><strong>ane</strong></span> <span class='ocrx_word' id='word_1_345' title='bbox 549 3393 590 3443; x_wconf 91' lang='lat' dir='ltr'><strong>est</strong></span> <span class='ocrx_word' id='word_1_346' title='bbox 602 3388 685 3443; x_wconf 87' lang='lat' dir='ltr'><strong>ctiam</strong></span> <span class='ocrx_word' id='word_1_347' title='bbox 692 3390 822 3459; x_wconf 70' lang='lat' dir='ltr'><strong>pnbmm,</strong></span> <span class='ocrx_word' id='word_1_348' title='bbox 831 3389 916 3442; x_wconf 91' lang='lat' dir='ltr'><strong>immo</strong></span> <span class='ocrx_word' id='word_1_349' title='bbox 926 3394 954 3442; x_wconf 88' lang='lat' dir='ltr'><strong>et</strong></span> <span class='ocrx_word' id='word_1_350' title='bbox 961 3389 1075 3457; x_wconf 79' lang='lat' dir='ltr'><strong>sublimo,</strong></span> <span class='ocrx_word' id='word_1_351' title='bbox 1086 3389 1183 3443; x_wconf 84' lang='lat' dir='ltr'><strong>saltem</strong></span> <span class='ocrx_word' id='word_1_352' title='bbox 1192 3389 1289 3444; x_wconf 87' lang='lat' dir='ltr'><strong>scienti</strong></span> <span class='ocrx_word' id='word_1_353' title='bbox 1296 3390 1394 3446; x_wconf 82' lang='lat' dir='ltr'><strong>videre</strong></span> 
     </span>
     <span class='ocr_line' id='line_1_36' title="bbox 294 3474 1395 3550; baseline 0 -18"><span class='ocrx_word' id='word_1_354' title='bbox 294 3474 453 3532; x_wconf 81' lang='lat' dir='ltr'><strong>Pulctitudo</strong></span> <span class='ocrx_word' id='word_1_355' title='bbox 471 3475 541 3529; x_wconf 88' lang='lat' dir='ltr'><strong>antis</strong></span> <span class='ocrx_word' id='word_1_356' title='bbox 558 3474 683 3529; x_wconf 79' lang='lat' dir='ltr'><strong>consistit</strong></span> <span class='ocrx_word' id='word_1_357' title='bbox 698 3475 728 3529; x_wconf 91' lang='lat' dir='ltr'><strong>in</strong></span> <span class='ocrx_word' id='word_1_358' title='bbox 745 3475 925 3548; x_wconf 84' lang='lat' dir='ltr'><strong>proportione,</strong></span> <span class='ocrx_word' id='word_1_359' title='bbox 942 3475 1084 3530; x_wconf 84' lang='lat' dir='ltr'><strong>harmonia</strong></span> <span class='ocrx_word' id='word_1_360' title='bbox 1104 3481 1131 3530; x_wconf 91' lang='lat' dir='ltr'><strong>et</strong></span> <span class='ocrx_word' id='word_1_361' title='bbox 1154 3478 1395 3550; x_wconf 79' lang='lat' dir='ltr'><strong>comespondentia,</strong></span> 
     </span>
     <span class='ocr_line' id='line_1_37' title="bbox 292 3560 1396 3636; baseline -0.001 -17"><span class='ocrx_word' id='word_1_362' title='bbox 292 3581 376 3636; x_wconf 84' lang='lat' dir='ltr'><strong>quam</strong></span> <span class='ocrx_word' id='word_1_363' title='bbox 388 3561 490 3617; x_wconf 89' lang='lat' dir='ltr'><strong>habeut</strong></span> <span class='ocrx_word' id='word_1_364' title='bbox 500 3560 572 3616; x_wconf 88' lang='lat' dir='ltr'><strong>inter</strong></span> <span class='ocrx_word' id='word_1_365' title='bbox 585 3578 613 3615; x_wconf 89' lang='lat' dir='ltr'><strong>se</strong></span> <span class='ocrx_word' id='word_1_366' title='bbox 632 3565 716 3631; x_wconf 76' lang='lat' dir='ltr'><strong>actm,</strong></span> <span class='ocrx_word' id='word_1_367' title='bbox 729 3561 859 3616; x_wconf 86' lang='lat' dir='ltr'><strong>terminus</strong></span> <span class='ocrx_word' id='word_1_368' title='bbox 875 3566 904 3616; x_wconf 89' lang='lat' dir='ltr'><strong>et</strong></span> <span class='ocrx_word' id='word_1_369' title='bbox 920 3563 1164 3634; x_wconf 79' lang='lat' dir='ltr'><strong>complementum:</strong></span> <span class='ocrx_word' id='word_1_370' title='bbox 1182 3580 1230 3635; x_wconf 89' lang='lat' dir='ltr'><strong>per</strong></span> <span class='ocrx_word' id='word_1_371' title='bbox 1245 3563 1306 3618; x_wconf 69' lang='lat' dir='ltr'><strong>haec</strong></span> <span class='ocrx_word' id='word_1_372' title='bbox 1321 3564 1396 3618; x_wconf 91' lang='lat' dir='ltr'><strong>enim</strong></span> 
     </span>
     <span class='ocr_line' id='line_1_38' title="bbox 294 3646 1395 3722; baseline -0.002 -16"><span class='ocrx_word' id='word_1_373' title='bbox 294 3667 373 3706; x_wconf 88' lang='lat' dir='ltr'><strong>omne</strong></span> <span class='ocrx_word' id='word_1_374' title='bbox 388 3665 436 3704; x_wconf 86' lang='lat' dir='ltr'><strong>ene</strong></span> <span class='ocrx_word' id='word_1_375' title='bbox 453 3665 502 3702; x_wconf 88' lang='lat' dir='ltr'><strong>suo</strong></span> <span class='ocrx_word' id='word_1_376' title='bbox 517 3647 598 3701; x_wconf 89' lang='lat' dir='ltr'><strong>modo</strong></span> <span class='ocrx_word' id='word_1_377' title='bbox 614 3646 737 3702; x_wconf 84' lang='lat' dir='ltr'><strong>divinam</strong></span> <span class='ocrx_word' id='word_1_378' title='bbox 748 3647 892 3702; x_wconf 83' lang='lat' dir='ltr'><strong>Unitatem</strong></span> <span class='ocrx_word' id='word_1_379' title='bbox 909 3652 937 3702; x_wconf 86' lang='lat' dir='ltr'><strong>et</strong></span> <span class='ocrx_word' id='word_1_380' title='bbox 948 3647 1119 3717; x_wconf 86' lang='lat' dir='ltr'><strong>Trinitatem,</strong></span> <span class='ocrx_word' id='word_1_381' title='bbox 1132 3665 1180 3702; x_wconf 89' lang='lat' dir='ltr'><strong>seu</strong></span> <span class='ocrx_word' id='word_1_382' title='bbox 1196 3648 1318 3703; x_wconf 86' lang='lat' dir='ltr'><strong>divinam</strong></span> <span class='ocrx_word' id='word_1_383' title='bbox 1332 3651 1395 3722; x_wconf 88' lang='lat' dir='ltr'><strong>pul·</strong></span> 
     </span>
     <span class='ocr_line' id='line_1_39' title="bbox 293 3733 1396 3806; baseline -0.004 -12"><span class='ocrx_word' id='word_1_384' title='bbox 293 3736 457 3794; x_wconf 85' lang='lat' dir='ltr'><strong>eritudinem</strong></span> <span class='ocrx_word' id='word_1_385' title='bbox 468 3734 599 3802; x_wconf 74' lang='lat' dir='ltr'><strong>imitatam,</strong></span> <span class='ocrx_word' id='word_1_386' title='bbox 612 3738 641 3788; x_wconf 87' lang='lat' dir='ltr'><strong>et</strong></span> <span class='ocrx_word' id='word_1_387' title='bbox 652 3738 694 3788; x_wconf 87' lang='lat' dir='ltr'><strong>cst</strong></span> <span class='ocrx_word' id='word_1_388' title='bbox 705 3734 975 3788; x_wconf 81' lang='lat' dir='ltr'><strong>transcendentaliter</strong></span> <span class='ocrx_word' id='word_1_389' title='bbox 985 3735 1110 3806; x_wconf 87' lang='lat' dir='ltr'><strong>pulcrum</strong></span> <span class='ocrx_word' id='word_1_390' title='bbox 1123 3733 1159 3806; x_wconf 77' lang='grc' dir='ltr'><strong>(Ι.</strong></span> <span class='ocrx_word' id='word_1_391' title='bbox 1167 3752 1194 3788; x_wconf 93' lang='lat' dir='ltr'><strong>n.</strong></span> <span class='ocrx_word' id='word_1_392' title='bbox 1205 3735 1248 3804; x_wconf 81' lang='lat'><strong>35,</strong></span> <span class='ocrx_word' id='word_1_393' title='bbox 1258 3735 1292 3789; x_wconf 94' lang='lat' dir='ltr'><strong>V.</strong></span> <span class='ocrx_word' id='word_1_394' title='bbox 1302 3754 1328 3790; x_wconf 85' lang='grc' dir='ltr'><strong>ιι.</strong></span> <span class='ocrx_word' id='word_1_395' title='bbox 1339 3736 1396 3806; x_wconf 87' lang='grc'><strong>18).</strong></span> 
     </span>
     <span class='ocr_line' id='line_1_40' title="bbox 294 3819 1398 3893; baseline -0.003 -15"><span class='ocrx_word' id='word_1_396' title='bbox 294 3823 357 3878; x_wconf 69' lang='lat' dir='ltr'><strong>mit</strong></span> <span class='ocrx_word' id='word_1_397' title='bbox 376 3827 468 3877; x_wconf 88' lang='lat' dir='ltr'><strong>autem</strong></span> <span class='ocrx_word' id='word_1_398' title='bbox 489 3821 572 3875; x_wconf 86' lang='lat' dir='ltr'><strong>etiam</strong></span> <span class='ocrx_word' id='word_1_399' title='bbox 592 3819 699 3874; x_wconf 66' lang='lat' dir='ltr'><strong>amlime</strong></span> <span class='ocrx_word' id='word_1_400' title='bbox 720 3820 816 3874; x_wconf 89' lang='lat' dir='ltr'><strong>scienti</strong></span> <span class='ocrx_word' id='word_1_401' title='bbox 834 3820 905 3874; x_wconf 90' lang='lat' dir='ltr'><strong>illud</strong></span> <span class='ocrx_word' id='word_1_402' title='bbox 927 3820 1120 3893; x_wconf 80' lang='lat' dir='ltr'><strong>contemplari3</strong></span> <span class='ocrx_word' id='word_1_403' title='bbox 1150 3819 1301 3875; x_wconf 80' lang='lat' dir='ltr'><strong>sublimitas</strong></span> <span class='ocrx_word' id='word_1_404' title='bbox 1325 3822 1398 3875; x_wconf 89' lang='lat' dir='ltr'><strong>enim</strong></span> 
     </span>
     <span class='ocr_line' id='line_1_41' title="bbox 293 3906 1397 3980; baseline -0.002 -15"><span class='ocrx_word' id='word_1_405' title='bbox 293 3910 393 3966; x_wconf 86' lang='lat' dir='ltr'><strong>dicitur</strong></span> <span class='ocrx_word' id='word_1_406' title='bbox 413 3909 534 3979; x_wconf 81' lang='lat' dir='ltr'><strong>splendor</strong></span> <span class='ocrx_word' id='word_1_407' title='bbox 547 3906 747 3978; x_wconf 70' lang='lat' dir='ltr'><strong>mdo-initian:</strong></span> <span class='ocrx_word' id='word_1_408' title='bbox 766 3911 795 3961; x_wconf 88' lang='lat' dir='ltr'><strong>et</strong></span> <span class='ocrx_word' id='word_1_409' title='bbox 813 3907 967 3979; x_wconf 88' lang='lat' dir='ltr'><strong>pulcritudo</strong></span> <span class='ocrx_word' id='word_1_410' title='bbox 987 3907 1060 3961; x_wconf 89' lang='lat' dir='ltr'><strong>entis</strong></span> <span class='ocrx_word' id='word_1_411' title='bbox 1074 3912 1152 3963; x_wconf 88' lang='lat' dir='ltr'><strong>tanto</strong></span> <span class='ocrx_word' id='word_1_412' title='bbox 1171 3907 1258 3978; x_wconf 79' lang='lat' dir='ltr'><strong>magis</strong></span> <span class='ocrx_word' id='word_1_413' title='bbox 1273 3908 1397 3980; x_wconf 86' lang='lat' dir='ltr'><strong>splendet</strong></span> 
     </span>
     <span class='ocr_line' id='line_1_42' title="bbox 294 3993 1396 4068; baseline -0.001 -18"><span class='ocrx_word' id='word_1_414' title='bbox 294 4001 397 4068; x_wconf 86' lang='lat' dir='ltr'><strong>quanto</strong></span> <span class='ocrx_word' id='word_1_415' title='bbox 416 3995 521 4048; x_wconf 85' lang='lat' dir='ltr'><strong>acutius</strong></span> <span class='ocrx_word' id='word_1_416' title='bbox 541 3993 721 4065; x_wconf 77' lang='lat' dir='ltr'><strong>investigetur</strong></span> <span class='ocrx_word' id='word_1_417' title='bbox 739 3993 806 4065; x_wconf 89' lang='lat' dir='ltr'><strong>quid</strong></span> <span class='ocrx_word' id='word_1_418' title='bbox 825 3993 862 4048; x_wconf 90' lang='lat' dir='ltr'><strong>sit</strong></span> <span class='ocrx_word' id='word_1_419' title='bbox 880 4011 935 4049; x_wconf 86' lang='lat' dir='ltr'><strong>ens.</strong></span> <span class='ocrx_word' id='word_1_420' title='bbox 971 3993 1010 4048; x_wconf 86' lang='lat' dir='ltr'><strong>Et</strong></span> <span class='ocrx_word' id='word_1_421' title='bbox 1029 3994 1090 4049; x_wconf 83' lang='lat' dir='ltr'><strong>haec</strong></span> <span class='ocrx_word' id='word_1_422' title='bbox 1107 3994 1260 4066; x_wconf 88' lang='lat' dir='ltr'><strong>pulcritudo</strong></span> <span class='ocrx_word' id='word_1_423' title='bbox 1279 4012 1311 4048; x_wconf 87' lang='lat' dir='ltr'><strong>ac</strong></span> <span class='ocrx_word' id='word_1_424' title='bbox 1331 3995 1396 4050; x_wconf 89' lang='lat' dir='ltr'><strong>sub-</strong></span> 
     </span>
     <span class='ocr_line' id='line_1_43' title="bbox 293 4079 1395 4154; baseline -0.001 -17"><span class='ocrx_word' id='word_1_425' title='bbox 293 4082 397 4137; x_wconf 89' lang='lat' dir='ltr'><strong>limitas</strong></span> <span class='ocrx_word' id='word_1_426' title='bbox 411 4081 453 4136; x_wconf 84' lang='lat' dir='ltr'><strong>ad&#39;</strong></span> <span class='ocrx_word' id='word_1_427' title='bbox 461 4079 616 4154; x_wconf 87' lang='lat' dir='ltr'><strong>philosophi</strong></span> <span class='ocrx_word' id='word_1_428' title='bbox 634 4079 875 4135; x_wconf 85' lang='lat' dir='ltr'><strong>considerationem</strong></span> <span class='ocrx_word' id='word_1_429' title='bbox 890 4081 984 4136; x_wconf 83' lang='lat' dir='ltr'><strong>stricte</strong></span> <span class='ocrx_word' id='word_1_430' title='bbox 1002 4081 1121 4153; x_wconf 84' lang='lat' dir='ltr'><strong>pertinet</strong></span> <span class='ocrx_word' id='word_1_431' title='bbox 1129 4101 1137 4150; x_wconf 80' lang='lat'><em>3</em></span> <span class='ocrx_word' id='word_1_432' title='bbox 1155 4097 1220 4134; x_wconf 83' lang='lat' dir='ltr'><strong>nam</strong></span> <span class='ocrx_word' id='word_1_433' title='bbox 1234 4081 1395 4152; x_wconf 86' lang='lat' dir='ltr'><strong>pulcritudo,</strong></span> 
     </span>
     <span class='ocr_line' id='line_1_44' title="bbox 294 4165 1398 4240; baseline -0.002 -16"><span class='ocrx_word' id='word_1_434' title='bbox 294 4185 355 4240; x_wconf 76' lang='lat' dir='ltr'><strong>qum</strong></span> <span class='ocrx_word' id='word_1_435' title='bbox 369 4167 537 4224; x_wconf 86' lang='lat' dir='ltr'><strong>materialem</strong></span> <span class='ocrx_word' id='word_1_436' title='bbox 551 4165 775 4239; x_wconf 86' lang='lat' dir='ltr'><strong>compositionem</strong></span> <span class='ocrx_word' id='word_1_437' title='bbox 791 4166 911 4238; x_wconf 84' lang='lat' dir='ltr'><strong>requirit,</strong></span> <span class='ocrx_word' id='word_1_438' title='bbox 931 4166 1124 4238; x_wconf 77' lang='lat' dir='ltr'><strong>imaginatione</strong></span> <span class='ocrx_word' id='word_1_439' title='bbox 1137 4184 1193 4221; x_wconf 90' lang='lat' dir='ltr'><strong>non</strong></span> <span class='ocrx_word' id='word_1_440' title='bbox 1210 4166 1301 4221; x_wconf 87' lang='lat' dir='ltr'><strong>minus</strong></span> <span class='ocrx_word' id='word_1_441' title='bbox 1316 4185 1398 4238; x_wconf 87' lang='lat' dir='ltr'><strong>quam</strong></span> 
     </span>
     <span class='ocr_line' id='line_1_45' title="bbox 290 4251 1395 4322; baseline -0.001 -13"><span class='ocrx_word' id='word_1_442' title='bbox 290 4253 436 4309; x_wconf 82' lang='lat' dir='ltr'><strong>intellectu</strong></span> <span class='ocrx_word' id='word_1_443' title='bbox 453 4253 610 4322; x_wconf 70' lang='lat' dir='ltr'><strong>estimatur,</strong></span> <span class='ocrx_word' id='word_1_444' title='bbox 626 4256 654 4308; x_wconf 86' lang='lat' dir='ltr'><strong>et</strong></span> <span class='ocrx_word' id='word_1_445' title='bbox 671 4257 712 4306; x_wconf 85' lang='lat' dir='ltr'><strong>est</strong></span> <span class='ocrx_word' id='word_1_446' title='bbox 729 4251 865 4307; x_wconf 86' lang='lat' dir='ltr'><strong>obiectum</strong></span> <span class='ocrx_word' id='word_1_447' title='bbox 883 4253 1039 4308; x_wconf 83' lang='lat' dir='ltr'><strong>aestheticae.</strong></span> <span class='ocrx_word' id='word_1_448' title='bbox 1077 4253 1116 4308; x_wconf 85' lang='lat' dir='ltr'><strong>Et</strong></span> <span class='ocrx_word' id='word_1_449' title='bbox 1133 4254 1193 4309; x_wconf 84' lang='lat' dir='ltr'><strong>haec</strong></span> <span class='ocrx_word' id='word_1_450' title='bbox 1210 4253 1345 4308; x_wconf 83' lang='lat' dir='ltr'><strong>sufficiant</strong></span> <span class='ocrx_word' id='word_1_451' title='bbox 1361 4254 1395 4309; x_wconf 92' lang='lat' dir='ltr'><strong>de</strong></span> 
     </span>
     <span class='ocr_line' id='line_1_46' title="bbox 294 4340 522 4396; baseline -0.009 0"><span class='ocrx_word' id='word_1_452' title='bbox 294 4340 433 4396; x_wconf 86' lang='lat' dir='ltr'><strong>attributis</strong></span> <span class='ocrx_word' id='word_1_453' title='bbox 445 4341 522 4394; x_wconf 81' lang='lat' dir='ltr'><strong>entis</strong></span> 
     </span>
    </p>
   </div>
   <div class='ocr_carea' id='block_1_3' title="bbox 0 0 1598 4982">
    <p class='ocr_par' dir='ltr' id='par_1_6' title="bbox 0 0 1598 4982">
     <span class='ocr_line' id='line_1_47' title="bbox 0 0 1598 4982; baseline 0 0"><span class='ocrx_word' id='word_1_454' title='bbox 0 0 1598 4982; x_wconf 95' lang='lat' dir='ltr'><strong> </strong></span> 
     </span>
    </p>
   </div>
  </div>
 </body>
</html>
