3186 4982
268 309 334 376 270
595 333 752 377 sansana
769 333 808 376 nr
824 332 1043 376 suessanus.
1229 311 1318 398 [von.
1339 332 1380 376 ιι.

303 492 356 548 His
368 510 423 548 non
435 493 613 565 obstantibus,
622 495 766 551 relationes
777 495 906 552 dicuntur
917 497 1005 563 recha,
1018 495 1127 567 quando
1143 494 1252 549 termini
1270 495 1330 550 aius
1349 501 1379 548 et

267 579 475 635 ismdamentum
487 582 609 638 absolute
621 583 820 638 consideratum
832 587 897 638 sunt
904 583 1033 638 entitatos
1041 583 1143 637 reales:
1162 581 1206 637 vel
1216 581 1276 636 aliie
1285 581 1379 637 verbis

267 667 451 732 rectractetur
461 669 560 738 relatio,
573 687 630 741 qaae
641 673 748 725 restaliat
759 689 791 724 ea
803 671 921 725 realshas.
958 671 998 724 Et
1008 670 1054 724 hic
1066 669 1161 724 modus
1172 669 1301 742 loquendi
1317 687 1378 722 ser-

267 753 372 810 vandus
389 760 439 826 est,
451 761 511 812 tum
529 757 594 829 quia
611 758 762 812 communis
780 762 829 826 est,
842 764 903 812 tum
920 756 985 829 quia
1002 761 1068 811 sunt
1084 746 1145 810 alia
1163 755 1306 810 relationes
1318 773 1379 809 non

266 839 429 896 musitantes
440 860 475 896 ex
486 843 610 912 realibus,
619 861 679 916 qua
692 861 739 917 per
751 843 949 917 oppositionem
961 843 1089 898 dicuntur
1100 842 1236 896 relationes
1246 842 1377 895 rationes:

266 930 296 980 et
313 925 351 981 sic
368 927 436 983 utile
454 936 496 985 est
512 929 547 984 sd
565 929 769 986 distinctionem
786 930 949 986 relationum
971 929 1087 984 retinere
1111 945 1211 1018 nomen
1234 929 1377 983 relationis

265 1011 366 1067 realis
358 1029 388 1068 m
400 1032 480 1070 sensu
492 1016 634 1089 explicato.

301 1100 344 1155 49.
365 1099 504 1166 Quaeritur
515 1103 641 1174 secunda
655 1104 791 1175 thtapler
802 1103 836 1157 ss't
847 1103 940 1156 relatio
951 1102 1035 1156 realis.

301 1186 471 1260 Respondeo‚
491 1207 549 1244 esse
573 1189 691 1262 duplicis
714 1189 828 1264 generis,
849 1194 931 1262 prout
953 1187 1063 1242 termini
1083 1186 1222 1242 relationis
1242 1191 1306 1242 sunt
1326 1189 1374 1242 vel

265 1275 449 1347 metaphysica
461 1276 506 1330 vel
527 1276 638 1348 physice
651 1276 744 1331 reales.
780 1276 815 1330 In
826 1275 913 1348 primo
932 1292 997 1330 casu
1014 1275 1109 1329 relatio
1128 1280 1169 1328 est
1186 1275 1266 1329 realis
1282 1281 1373 1328 meta-

265 1359 384 1433 physica,
403 1367 432 1415 et
448 1361 548 1416 dicitur
564 1363 806 1431 tramaeadeatala's3
837 1362 895 1417 eius
914 1361 1022 1415 termini
1042 1366 1106 1416 sunt
1123 1360 1250 1415 entitatos
1267 1361 1373 1415 incom-

265 1445 356 1516 pleta,
375 1453 404 1500 et
427 1447 484 1501 eius
508 1447 715 1502 fundamentum
738 1453 781 1503 est
803 1454 900 1504 mutua
920 1447 1058 1518 exigentia
1074 1446 1271 1502 coinoxietendi
1289 1465 1373 1520 quam
1432 1481 1445 1502 .

265 1530 375 1600 habent,
393 1532 428 1587 ad
445 1549 474 1587 se
491 1529 683 1606 complendum
700 1535 730 1588 in
748 1551 812 1588 esse.
850 1532 896 1588 Sic
914 1533 1001 1587 omnis
1019 1538 1095 1587 ecca
1113 1532 1196 1588 habet
1213 1533 1373 1589 relationem

265 1620 526 1680 transcendentslem
549 1622 585 1677 ad
603 1638 680 1676 suam
700 1621 866 1694 potentiam:
885 1625 914 1675 et
935 1638 983 1674 ens
1002 1620 1183 1693 compositum
1204 1638 1239 1690 ex
1259 1626 1321 1674 actu
1342 1628 1373 1674 et

264 1705 386 1776 potentia
404 1710 447 1761 est
466 1707 545 1762 realis
566 1707 702 1780 expressio
722 1708 786 1762 talis
805 1707 961 1776 relationis;
983 1707 1054 1761 unde
1075 1706 1158 1760 etiam
1178 1706 1279 1761 dicitur
1299 1708 1372 1778 quod

265 1790 362 1846 relatio
379 1793 618 1848 transcendantalis
636 1799 678 1848 eet
694 1794 785 1867 ipsum
802 1811 850 1849 ens
862 1794 900 1848 sic
912 1793 1108 1863 constitutum
1128 1794 1175 1848 sod
1186 1794 1284 1848 malim
1295 1795 1372 1849 dice·

265 1881 341 1932 retur
351 1879 424 1951 quod
436 1884 477 1933 est
488 1881 574 1934 unitos
586 1882 640 1935 cias
651 1882 783 1952 resultans
795 1899 830 1936 ex
842 1880 1038 1953 conspiratione
1055 1885 1131 1935 actus
1149 1885 1178 1935 et
1194 1881 1323 1952 potentiae
1341 1881 1372 1935 in

264 1981 357 2020 unum.
394 1965 530 2021 Dicuntur
547 1985 611 2022 vero
628 1968 772 2023 relationes
790 1969 1029 2036 transcendentalas,
1046 1968 1111 2038 quia
1127 1985 1175 2040 per
1192 1968 1284 2022 omnia
1300 1986 1371 2040 pree-

264 2051 418 2107 dioamenta
433 2059 581 2126 vagantum
605 2072 669 2109 nam
687 2072 772 2127 quum
789 2071 868 2110 omne
886 2071 971 2126 genus
989 2053 1059 2108 antis
1079 2053 1261 2109 constituatur
1283 2061 1370 2110 meta-

263 2138 375 2210 physica
386 2158 434 2213 per
445 2147 536 2195 aetum
549 2147 577 2196 et
588 2142 734 2196 terminum
746 2141 928 2214 conspirantes
939 2140 968 2194 in
981 2139 1122 2210 unitatem,
1135 2141 1165 2195 in
1181 2141 1255 2195 omni
1272 2161 1370 2213 genere

265 2226 335 2280 entis
347 2226 462 2282 habetur
472 2227 569 2282 relatio
581 2228 660 2283 realis
672 2228 865 2302 metaphysica.

300 2313 334 2367 In
345 2314 462 2369 secundo
474 2331 539 2369 casu
550 2315 645 2370 ralatio
657 2315 757 2370 dicitur
765 2314 926 2388 simpliciter
937 2315 1015 2370 realis
1026 2319 1075 2368 aut
1087 2314 1170 2369 etiam
1177 2317 1370 2386 praecanta-

264 2400 332 2454 talia.
369 2400 404 2454 In
416 2419 448 2455 ea
459 2402 612 2457 subiectum
624 2408 652 2457 et
668 2403 808 2472 terminus,
821 2420 906 2474 quum
918 2402 975 2456 sint
985 2401 1105 2474 physicae
1118 2403 1254 2472 entitatos,
1267 2403 1381 2458 habent

263 2491 384 2559 separate
399 2505 479 2542 suum
495 2505 553 2542 esse
571 2489 744 2561 completum,
757 2495 785 2543 et
802 2489 910 2544 realiter
921 2488 1140 2560 distinguuntur:
1159 2489 1367 2544 fundamentum

263 2591 327 2630 vero
344 2575 520 2629 materialiter
537 2581 566 2630 et
583 2575 704 2636 absolute
722 2581 861 2648 sumptum
879 2575 959 2630 debet
976 2593 1033 2630 csse
1045 2576 1149 2647 aliquid
1161 2578 1272 2649 physice
1284 2577 1366 2644 reale,

264 2659 322 2716 sive
334 2661 485 2716 substantia
496 2661 534 2716 sit
545 2662 603 2717 sive
617 2662 748 2718 accidens.
785 2661 895 2716 Relatio
913 2661 1047 2716 eiusmodi
1064 2662 1175 2734 ponitur
1189 2663 1219 2716 in
1237 2663 1368 2736 praedica-

264 2752 365 2820 mento,
374 2765 430 2802 non
442 2748 506 2820 quia
518 2749 665 2805 secundum
677 2766 705 2804 se
717 2749 791 2804 dicat
803 2748 955 2803 realitatem
966 2747 1114 2819 physicam,
1124 2750 1172 2804 ead
1183 2750 1248 2822 quia
1259 2750 1370 2822 physice

264 2835 348 2889 realia
360 2840 424 2890 sunt
436 2835 527 2890 omnia
539 2853 574 2890 ex
586 2835 684 2907 quibus
695 2835 816 2903 resultat,
829 2844 861 2889 ut
872 2835 1027 2890 notavimus
1039 2853 1065 2888 n.
1079 2852 1157 2906 praec.

299 2921 365 2992 Pap.
378 2922 438 2976 342.
453 2922 498 2976 lin.
512 2923 553 2977 15.
574 2921 776 2994 consequenter
793 2927 844 2977 etc.
857 2941 936 2994 caque
953 2921 991 2976 ad
1000 2939 1064 2992 paq.
1080 2923 1140 2977 344.
1154 2923 1200 2977 lin.
1220 2925 1263 2978 29.
1294 2923 1370 2978 Prae·

264 3010 338 3062 terea
350 3009 403 3061 dele
414 3013 503 3064 tauns
564 3046 567 3050 -

299 3094 365 3165 Pap.
378 3095 439 3149 345.
453 3095 499 3151 lia.
510 3096 553 3150 21.
572 3099 676 3168 quarto,
689 3096 790 3166 corripe
801 3095 890 3166 tertio,

299 3181 366 3251 Pap.
380 3181 441 3235 346.
453 3181 498 3236 lin.
515 3183 558 3236 25.
577 3182 674 3237 saltem
691 3182 765 3237 aliud
782 3200 875 3238 unum.
894 3182 994 3253 aoniae
1011 3182 1108 3236 saltem
1125 3183 1201 3238 aliud
1218 3201 1310 3254 unum,
1323 3189 1371 3238 aut

264 3267 318 3322 nisi
329 3267 399 3323 illud
416 3285 503 3322 unum
520 3269 592 3341 quod
609 3268 725 3324 habetur
744 3268 831 3342 possit
846 3269 1008 3325 considerari
1026 3274 1059 3325 ut
1074 3270 1180 3342 duplex
1199 3269 1249 3324 suh
1265 3270 1369 3325 ratione

265 3354 356 3426 aliqua
367 3354 535 3410 accidentali.

300 3443 370 3497 Iar.
385 3442 428 3497 lin.
441 3442 484 3497 28.
503 3442 624 3498 efficiunt
635 3459 785 3498 numerum.
813 3443 907 3497 Adde:
926 3441 1030 3497 sivero
1039 3442 1369 3514 illuduaamquodhabe·

265 3535 318 3601 tur,
330 3549 356 3586 v.
371 3547 409 3602 gr.
423 3529 553 3599 Socrates,
566 3531 748 3586 consideretur
760 3531 810 3586 sub
822 3529 924 3603 duplici
936 3529 1002 3585 reali
1014 3530 1126 3599 rationo,
1139 3548 1165 3584 v.
1183 3548 1221 3602 gr.
1235 3531 1371 3584 sedasset

265 3618 422 3688 ambulans3
441 3622 507 3672 irinc
518 3617 589 3673 inter
601 3617 740 3673 Socratem
752 3618 891 3673 sedentem
903 3622 932 3672 et
943 3617 1128 3672 ambulantem
1139 3615 1282 3670 habebitur
1293 3617 1371 3670 realta

265 3704 362 3759 relatio
385 3702 537 3759 identitatis
561 3703 753 3759 substantialis.
790 3703 861 3759 Vide
885 3719 946 3774 qua
970 3701 1092 3757 diximus
1114 3702 1149 3756 de
1173 3702 1317 3757 identitate
1340 3703 1369 3756 in

266 3797 384 3847 tractatu
397 3792 431 3846 de
448 3790 599 3846 substantia
615 3791 749 3863 spirituali
768 3791 807 3863 (n.
820 3791 862 3844 43.
876 3790 906 3845 in
922 3790 1010 3860 nota).
1047 3788 1081 3842 In
1099 3789 1150 3842 hoc
1167 3788 1255 3860 primo
1273 3807 1370 3862 genere

265 3878 356 3934 unitas
374 3883 402 3933 ot
418 3895 545 3932 numerus
562 3895 617 3931 non
634 3877 803 3950 accipiuntur
819 3882 852 3931 ut
868 3892 994 3931 mensura
1010 3880 1038 3930 st
1060 3880 1254 3939 mensuratum,
1273 3875 1321 3930 sed
1337 3880 1370 3928 ut

267 3983 353 4020 unum
364 3969 392 4020 et
403 3981 458 4018 non
468 3981 562 4032 unum,
574 3968 607 4017 ut
618 3963 691 4017 idem
703 3968 733 4017 et
742 3980 798 4018 non
809 3963 890 4018 idem.

302 4052 367 4123 Pap.
380 4051 440 4106 347.
454 4051 498 4106 lin.
512 4052 537 4104 2
556 4050 638 4123 gigni
653 4051 746 4104 Adde.
764 4048 855 4103 Relat'
835 4054 875 4103 t1o
881 4047 992 4120 agentis
1004 4046 1155 4146 adpaesunr
1165 3997 1232 4102 dicit
1220 4047 1369 4102 turintrin-

265 4155 334 4207 seca,
347 4137 411 4211 quia
422 4136 494 4192 actio
505 4136 567 4193 fluit
579 4135 612 4191 ab
624 4135 769 4190 intrinseca
780 4135 881 4190 virtute
893 4133 1015 4206 agontis3
1033 4133 1080 4188 sed
1093 4134 1157 4206 quia
1168 4134 1238 4188 ratio
1250 4134 1368 4189 formalis

265 4223 442 4294 frmdamenti,
456 4241 505 4279 seu
516 4222 645 4280 transitus
659 4223 749 4277 det
705 4227 749 4278 act
749 4241 768 4276 u
783 4221 870 4294 primo
888 4221 923 4276 ad
939 4219 1089 4276 seeundum
1106 4237 1161 4274 non
1176 4220 1253 4275 addit
1266 4221 1370 4294 aliquid

265 4311 441 4367 intrinsecum
461 4312 490 4366 in
511 4315 616 4381 agente,
635 4311 682 4364 sed
702 4315 809 4365 tantum
830 4309 858 4362 in
877 4307 1005 4380 patiente,
1022 4307 1123 4379 inquo
1141 4306 1272 4378 recipitur
1288 4309 1368 4377 actio,
