3222 4984
209 326 276 371 car.
295 307 351 392 aa]
654 329 697 370 nn
714 327 879 371 mammo.

358 490 1056 575 1÷(1÷1)÷(a÷1)÷(3÷1)÷(4÷1)÷
1065 533 1159 554 ·····

208 617 301 682 idest
428 620 745 692 1÷2÷3÷4÷5÷
754 665 871 683 ......

210 769 305 832 quare
327 747 411 833 prior
433 748 534 826 series,
557 747 662 811 addita
684 747 825 826 secunda,
849 746 962 810 mansit
984 745 1089 811 eadem
1112 744 1214 830 quoad
1235 767 1310 824 rem,

208 859 282 924 licet
304 870 406 944 partes
429 882 498 944 quaa
518 882 616 923 unum
638 859 741 924 locum
763 858 952 944 occupabant
974 858 1007 922 in
1030 859 1178 923 diversam
1208 858 1311 922 sedem

209 972 418 1056 migraverint,
443 972 526 1057 quod
554 979 601 1036 est
630 993 754 1056 prorsus
784 969 969 1035 accidentale
998 969 1085 1034 seriei
1109 968 1250 1048 infinitae,
1275 977 1311 1032 ut

209 1092 303 1168 patet.

253 1197 306 1260 32.
332 1194 489 1272 Quaeritur
514 1202 630 1272 octavo,
655 1202 755 1258 atrum
771 1216 829 1277 per
858 1194 1066 1277 oppositicrwm
1095 1194 1138 1256 ad
1164 1191 1311 1276 infinitum

209 1307 326 1371 admitti
334 1308 433 1392 possit
446 1314 600 1390 conceptas
614 1305 804 1390 infinitesimi,
819 1328 869 1378 scu
883 1304 998 1390 infinite
1006 1306 1106 1387 parvi.

253 1417 434 1501 Respondeo
457 1415 650 1480 affirmative:
674 1423 704 1479 θῖ
727 1415 805 1494 dico,
820 1415 940 1479 infinite
962 1437 1100 1500 parvum,
1116 1415 1195 1479 sicut
1213 1423 1243 1479 et
1261 1415 1309 1479 in·

206 1528 294 1592 finite
316 1550 465 1612 magnum
489 1527 549 1591 dici
572 1536 693 1590 tantum
719 1525 853 1606 relative,
873 1527 943 1592 licet
968 1526 1126 1591 infinitum
1153 1533 1184 1590 et
1206 1525 1309 1589 infini-

207 1639 352 1704 tesimum
367 1639 461 1723 accipi
476 1638 594 1723 possint
609 1637 701 1702 etiam
717 1636 867 1701 absolute.
901 1638 993 1701 Ratio
1008 1646 1064 1716 est,
1074 1637 1145 1722 quia
1160 1659 1309 1720 magnum

207 1760 240 1816 θῖ
260 1775 388 1836 parvum
410 1774 474 1816 non
496 1761 569 1814 sunt
592 1759 627 1814 ut
650 1750 692 1814 sic
715 1749 830 1834 aliquid
853 1749 1040 1830 absolutum,
1063 1749 1117 1814 sed
1138 1749 1309 1814 relativum.

207 1863 329 1928 Dicitur
344 1884 417 1947 ergo
432 1861 549 1946 aliquid
562 1857 682 1925 infinite
697 1883 824 1945 parvum
840 1860 934 1925 relate
949 1861 988 1924 ad
1010 1860 1103 1939 aliud,
1119 1861 1242 1946 quando
1261 1861 1309 1924 in·

206 1974 293 2040 finite
308 1975 410 2039 deficit
424 1973 462 2037 ah
477 1974 531 2038 illo
545 1973 662 2038 ratione
677 1973 910 2057 magnitudinis,
925 1972 1029 2051 idest,
1045 1972 1168 2058 quando
1187 1975 1242 2058 per
1262 1972 1309 2036 sui

208 2086 396 2151 additionem
410 2107 473 2150 non
488 2085 566 2150 valet
587 2099 706 2169 augere
721 2084 753 2148 id
774 2083 825 2148 cui
846 2083 977 2148 additur.
1023 2085 1065 2148 Et
1087 2084 1131 2148 sic
1153 2082 1310 2168 quodlibet

207 2197 332 2261 finitum
352 2206 397 2262 est
416 2195 535 2261 infinite
552 2219 679 2280 parvum
699 2195 731 2258 in
752 2195 977 2280 comparatione
992 2195 1031 2259 ad
1046 2195 1212 2274 infinitum,
1228 2195 1308 2278 quia,

208 2317 244 2372 ut
260 2308 376 2373 dictum
391 2315 447 2386 est,
462 2329 526 2370 non
540 2306 646 2371 crescit
660 2306 816 2371 infinitum
833 2329 886 2391 per
900 2306 1089 2370 additionem
1102 2305 1193 2370 finiti.
1218 2305 1309 2369 Simi-

208 2418 279 2482 liter
293 2417 411 2502 concipi
433 2425 535 2502 potest
557 2417 673 2501 aliquid
693 2417 815 2481 infinite
836 2440 963 2502 parvum
972 2398 1011 2482 in
1029 2416 1253 2502 comparatione
1270 2417 1310 2480 ad

207 2534 340 2600 finitum.
385 2534 520 2617 Accepta
534 2533 616 2596 enirn
631 2531 742 2597 iterum
759 2533 835 2598 serie

512 2657 739 2752 q.'=0,333333
752 2711 759 2725 .
774 2707 803 2726 ..
819 2664 882 2726 sinc
889 2661 963 2747 fiac,

208 2812 277 2874 quae
292 2797 338 2854 est
352 2789 487 2872 rigorose
501 2810 581 2867 vera,
597 2769 828 2873 multiplicando
843 2798 1008 2874 utrumque
1023 2789 1195 2855 membrum
1210 2811 1310 2874 requa-

211 2901 304 2965 tionis
319 2923 374 2986 per
389 2902 420 2980 3,
435 2899 617 2963 habebimus
632 2901 835 2985 aequationem
849 2902 983 2986 rigorose
998 2925 1099 2966 veram

512 3029 739 3105 1:0,999999
754 3077 761 3092 .
777 3077 784 3092 .
798 3077 806 3093 .
820 3076 828 3094 .
843 3031 906 3093 aiae
913 3031 988 3115 fiae.

209 3154 342 3219 Necesse
363 3162 410 3218 est
432 3152 529 3239 igitur
550 3153 659 3234 dicere,
675 3155 756 3241 quod
775 3158 983 3223 continuando
997 3159 1076 3223 hanc
1092 3158 1199 3223 seriem
1213 3158 1247 3222 in
1261 3157 1308 3220 in·

208 3267 342 3346 finitum,
357 3264 436 3329 illud
457 3265 541 3351 quod
563 3265 659 3330 deerit
680 3266 719 3331 ad
741 3269 945 3352 aequalitatem
968 3270 1026 3334 erit
1047 3269 1207 3349 eiusmodi,
1222 3277 1259 3333 ut
1273 3291 1309 3332 ex

208 3377 273 3441 eius
289 3377 409 3440 defectu
423 3375 501 3439 nihil
515 3376 661 3460 perdatur
676 3377 715 3441 de
729 3377 864 3462 rigorose
878 3379 1049 3464 aequalitate
1057 3407 1068 3460 3
1091 3380 1210 3445 sienim
1222 3379 1310 3443 aliter

209 3496 299 3567 esset,
315 3487 430 3572 aliquid
445 3475 585 3552 deficeret
599 3487 633 3550 in
648 3488 818 3573 aequatione
840 3490 974 3574 rigorose
989 3515 1075 3556 vera:
1098 3492 1182 3577 quod
1201 3491 1309 3576 nequit

209 3597 284 3680 fieri.
329 3598 417 3662 Nihil
446 3621 520 3683 ergo
542 3599 654 3678 deficit,
678 3601 800 3684 quando
823 3602 915 3666 series
937 3603 1106 3688 concipitur
1126 3602 1256 3681 infinita,
1279 3611 1309 3666 et

210 3717 430 3792 consequenter
451 3709 529 3773 illud
552 3710 622 3790 tale,
638 3711 721 3795 quod
743 3711 809 3776 sine
830 3711 942 3778 damno
964 3715 1107 3798 rigorosae
1128 3712 1314 3798 aequalitatis

210 3818 304 3898 deest,
321 3828 367 3884 est
381 3821 501 3905 proprie
517 3821 594 3885 nihil
609 3831 749 3906 respectu
763 3824 828 3887 eius
843 3825 925 3908 quod
940 3825 1006 3890 sine
1021 3827 1068 3890 sui
1087 3825 1256 3890 mutatione
1273 3847 1309 3888 eo

208 3952 310 3994 carere
337 3939 447 4014 potest.
493 3931 533 3994 llt
562 3931 631 3996 ideo
659 3931 856 3998 ¹exactissime
893 3928 1057 4021 operantur
1093 3936 1309 4015 mathematici,

208 4041 332 4127 quando
361 4042 593 4107 infinitesimum
623 4045 788 4130 negligunt
817 4046 850 4109 in
880 4047 1104 4132 comparatione
1130 4048 1309 4132 quantitatis

205 4153 309 4232 finitae,
320 4162 356 4218 Λθῖ
371 4153 473 4239 ipsum
487 4154 644 4219 infinitum
659 4155 691 4219 in
714 4158 939 4241 comparatione
959 4159 997 4223 ad
1015 4159 1170 4223 infinitum
1192 4159 1307 4245 superi·

209 4264 269 4328 cris
285 4264 409 4329 ordinis.
