3186 4982
217 381 291 424 von.
308 359 363 444 ra]
543 380 704 424 nonanus
720 381 759 426 ar
777 379 1004 426 EMENDANuAr
1256 359 1320 422 269

214 562 277 600 rum
292 563 347 600 non
359 544 468 601 videtur
478 545 582 618 aliquid
594 563 702 610 causaue
714 546 743 601 in
760 546 902 601 intellectu
918 544 1035 618 passivo,
1047 543 1100 598 nisi
1117 543 1320 598 resultationem

216 632 370 704 quamdam,
383 649 444 704 quae
457 633 608 706 concipitur
619 633 729 705 quidem
740 637 856 705 recepta,
869 632 958 686 sedin
970 631 1035 704 ipsis
1047 621 1185 704 speciebus
1203 635 1319 698 tantum,

217 737 278 791 quae
291 721 457 789 ordinantur,
464 720 505 776 ita
517 727 548 774 ut
560 721 614 776 dici
622 720 708 793 possit
720 719 918 792 quodammodo
929 717 1019 790 passio
1031 717 1181 791 specierum
1192 717 1319 790 ipsarum,

215 824 270 860 non
288 806 377 879 passio
395 806 565 862 intellectus:
590 807 646 861 fere
664 825 696 861 eo
714 806 795 860 modo
812 806 1018 877 quo'elementa
1035 804 1064 858 in
1082 804 1169 877 spatio
1186 803 1321 876 recipiunt

216 893 350 948 diversam
368 893 566 948 ordinationem
584 893 706 961 localem,
725 909 785 964 quae
805 898 846 946 est
863 893 989 964 quaedam
1006 890 1095 964 passio
1116 891 1238 960 relativa,
1256 889 1321 944 licet

216 981 335 1052 spatium
352 980 381 1034 in
400 998 454 1052 quo
472 985 542 1048 sunt,
562 985 590 1034 et
607 980 680 1051 quod
698 979 880 1033 determinant
896 995 928 1033 ac
946 978 1122 1032 denominant
1138 977 1201 1045 tale,
1216 977 1320 1031 nullam

215 1065 368 1138 passionem
387 1065 500 1138 recipiat
518 1066 548 1119 in
568 1065 663 1137 seipso.
700 1065 751 1118 Est
766 1065 839 1118 enim
855 1063 998 1136 passivitas
1014 1063 1182 1119 intellectiva
1196 1063 1320 1135 quaedam

216 1153 290 1223 regio
303 1152 461 1225 specierum,
475 1153 545 1206 sicut
557 1152 675 1223 spatium
692 1156 733 1205 est
749 1151 823 1222 regio
841 1149 1034 1205 ubicationum.
1070 1149 1155 1204 Ratio
1170 1156 1261 1204 autem
1276 1150 1319 1203 in-

215 1239 333 1294 trinseca
347 1239 429 1293 huius
445 1238 626 1311 responsionis
642 1243 691 1307 est,
704 1237 769 1309 quia
784 1238 849 1292 ordo
866 1235 1017 1292 obiectivns
1034 1236 1184 1310 specierum
1196 1243 1223 1291 et
1234 1255 1320 1291 nexus

216 1326 297 1380 unius
319 1343 381 1380 cum
402 1326 456 1380 alia
474 1344 525 1380 aaa
540 1325 704 1396 producatur,
725 1326 772 1378 aed
790 1324 916 1394 detepitar
936 1324 970 1379 ab
990 1324 1139 1378 intellectu.
1177 1323 1209 1380 si
1229 1329 1320 1378 autem

217 1413 326 1469 deberet
344 1413 471 1485 consequi
489 1413 581 1485 aliqua
597 1412 694 1484 passio,
713 1411 868 1466 intellectus
886 1411 994 1466 deberet
1010 1428 1066 1466 non
1086 1417 1194 1466 tantum
1208 1411 1320 1486 ¹¹aliquid

153 1532 166 1552 .
217 1499 349 1570 detegere,
363 1501 410 1553 sed
423 1505 451 1553 et
463 1499 567 1570 aliquid
579 1499 732 1572 producere.
770 1497 825 1553 Sed
836 1499 896 1553 haec
908 1498 1047 1552 haetenus.

251 1588 316 1656 Pap.
329 1587 389 1639 342.
403 1587 446 1639 lio.
463 1585 503 1640 14.
522 1585 694 1658 participent,
708 1583 774 1638 adde
786 1590 814 1638 et
825 1584 887 1638 ideo
899 1583 995 1638 relatio
1006 1583 1086 1638 recte'
1097 1583 1242 1638 definietur
1251 1603 1320 1656 par·

218 1672 333 1743 timptatio
350 1674 461 1726 damam
478 1672 506 1726 ia
524 1673 610 1742 attae
627 1671 764 1725 communi.
802 1671 848 1726 Sic
865 1677 942 1742 pater
956 1675 985 1724 et
995 1670 1069 1724 filius
1081 1670 1284 1740 constituuntur
1291 1671 1321 1725 in

216 1759 346 1812 relatione
356 1759 420 1830 quia
427 1757 591 1831 participant
598 1757 627 1810 in
637 1775 691 1812 uno
701 1756 838 1812 communi
846 1757 918 1828 quod
931 1762 973 1811 est
981 1757 1120 1827 qmcratic,
1131 1756 1195 1811 licet
1207 1757 1320 1812 diversi-

217 1846 310 1901 mode:
341 1846 446 1900 Album
469 1850 498 1900 et
521 1845 613 1900 album
632 1845 836 1899 constituuntur
852 1845 960 1913 similia,
978 1844 1043 1916 quia
1059 1844 1221 1917 participant
1238 1863 1321 1900 unam

216 1932 349 1987 rationem
365 1931 514 1987 albedinis:
533 1931 647 1986 materia
665 1937 693 1986 et
709 1931 797 1985 forma
814 1949 842 1986 se
859 1931 1008 2008 respiciunt
1024 1949 1071 2004 per
1088 1931 1322 2004 participationem

216 2019 296 2073 unius
314 2019 459 2092 exigentiae
477 2018 629 2073 communis
646 2017 862 2073 coinexistentiae
881 2024 1001 2074 mutuae:
1020 2019 1066 2074 abi
1076 2025 1104 2073 et
1115 2019 1161 2074 abi
1170 2020 1241 2074 fiunt
1252 2020 1321 2074 rela-

216 2107 274 2162 tiva
285 2124 333 2179 per
344 2106 578 2179 participationem
590 2105 712 2160 eiusdem
723 2105 931 2178 potentialitatis
943 2105 978 2160 ad
990 2111 1117 2159 mutuum
1128 2111 1242 2175 motum,
1255 2111 1306 2160 etc.

253 2194 296 2246 48.
315 2192 354 2246 Et
371 2191 416 2246 hio
434 2196 543 2246 notetur
561 2192 642 2264 quod,
655 2191 678 2245 si
695 2191 751 2245 sint
768 2191 822 2246 duo
838 2191 899 2246 alba
910 2191 938 2244 A
950 2197 979 2246 et
990 2192 1022 2261 B,
1036 2191 1140 2262 albedo,
1153 2209 1213 2263 quae
1225 2191 1323 2246 fundat

219 2278 377 2332 relationem
396 2277 591 2348 similitudinis,
611 2296 666 2332 non
686 2283 729 2332 est
749 2277 844 2333 albedo
864 2277 952 2349 qualis
972 2283 1015 2332 est
1034 2278 1146 2351 physice
1167 2278 1197 2332 in
1213 2279 1249 2348 A,
1271 2296 1321 2333 nec

220 2365 317 2420 albedo
330 2365 418 2437 qualis
430 2370 471 2419 est
482 2365 593 2437 physice
604 2365 634 2418 in
649 2365 682 2434 B,
695 2365 743 2419 scd
761 2365 849 2418 abacto
864 2365 894 2419 a’a
909 2365 1042 2419 commeat
1048 2385 1056 2433 ς
1073 2383 1138 2420 nam
1156 2365 1213 2419 sola
1227 2364 1323 2420 albedo

218 2452 247 2506 in
259 2451 396 2506 communi
407 2456 497 2524 potest
509 2450 660 2505 communis
672 2468 730 2505 esse
739 2451 846 2523 utrique
857 2451 981 2520 termino,
994 2457 1076 2524 etper
1083 2452 1135 2506 hoe
1145 2451 1207 2506 dare
1216 2452 1324 2524 utrique

218 2557 302 2594 unam
314 2538 447 2592 rationem
459 2537 653 2592 simlitudinis.
674 2536 807 2592 Similiter
817 2538 889 2592 inter
900 2555 982 2610 agens
993 2539 1021 2591 A
1033 2544 1061 2592 et
1071 2537 1178 2611 patiens
1189 2539 1215 2592 B
1225 2539 1323 2592 funda-

218 2629 343 2680 mentum
354 2624 492 2679 relationis
504 2628 546 2678 est
557 2623 687 2679 transitus
698 2623 733 2678 ab
745 2628 808 2678 actu
819 2624 906 2697 primo
915 2625 1122 2688 adsecundum:
1141 2624 1188 2697 qui
1195 2625 1324 2680 transitus

218 2729 274 2766 non
292 2711 372 2766 debet
389 2710 475 2783 accipi
492 2715 525 2765 ut
542 2715 690 2764 connotana
708 2710 742 2764 de
760 2727 788 2764 se
805 2710 892 2782 magis
910 2710 1052 2781 actionem,
1065 2728 1147 2782 quam
1164 2711 1324 2783 passionem,

220 2798 269 2851 sed
280 2796 310 2850 in
322 2797 459 2852 communi
471 2800 500 2851 et
517 2796 733 2866 indeterminate,
746 2814 800 2869 quo
818 2797 876 2851 solo
893 2797 973 2852 modo
991 2802 1081 2869 potest
1099 2797 1249 2852 communis
1267 2815 1324 2852 esse

220 2889 281 2938 tum
299 2883 436 2956 potentiae
449 2883 546 2938 activae
568 2888 629 2937 tum
647 2884 777 2956 potentia
798 2884 920 2957 passivae.
959 2885 1033 2939 Hinc
1054 2885 1183 2957 sequitur,
1200 2885 1229 2938 in
1251 2886 1324 2940 omni

221 2969 351 3024 relatione
369 2969 577 3024 frmdamentum
594 2969 742 3025 formaliter
759 2975 899 3043 sumptum
916 2988 964 3043 pro
981 2971 1030 3030 illa
1047 2971 1161 3026 entitate
1178 2973 1324 3042 communi,

222 3059 256 3113 de
268 3075 323 3129 qua
334 3057 388 3111 duo
402 3055 512 3110 termini
529 3056 700 3129 participant,
711 3075 767 3111 non
784 3075 841 3112 esse
855 3056 908 3112 nisi
926 3059 1058 3112 entitatem
1073 3047 1191 3129 rationis,
1204 3078 1252 3114 seu
1269 3060 1325 3114 for·

221 3145 374 3200 malitatem
390 3151 468 3200 extm
486 3162 565 3200 omne
584 3145 734 3200 subiectum
752 3145 908 3218 cogitatam,
927 3151 955 3201 et
973 3145 1011 3200 sic
1028 3147 1291 3220 aptam'participari
1309 3165 1325 3202 a

221 3231 354 3287 duobusr.
392 3232 486 3297 Quum
498 3235 589 3287 autem
601 3231 631 3285 in
643 3231 773 3286 relatione
791 3232 901 3286 termini
918 3231 1038 3287 habeant
1053 3232 1186 3288 rationem
1204 3233 1324 3289 materiae

221 3327 249 3376 et
265 3320 474 3375 fundamentum
491 3325 524 3374 ut
541 3325 637 3393 aptum
654 3320 690 3374 ad
706 3319 875 3374 fundandum
892 3318 991 3374 habeat
1008 3319 1140 3374 rationem
1156 3319 1258 3390 formae,
1277 3339 1326 3374 seu

221 3413 298 3462 actus
315 3406 404 3479 primi,
417 3406 514 3461 relatio
531 3407 659 3460 unitatem
675 3406 776 3460 babebit
793 3406 826 3459 ab
843 3405 888 3460 a'lto
899 3423 950 3458 aaa
962 3405 1190 3478 qswdformala'ter
1201 3406 1325 3462 concedit

221 3493 359 3548 terrniaoe:
378 3496 407 3548 et
424 3497 620 3564 consequenter
632 3492 727 3547 relatio
739 3491 822 3547 habet
833 3509 898 3562 esse,
910 3497 939 3546 et
949 3509 1007 3547 esse
1018 3509 1109 3562 unam,
1122 3491 1156 3547 ab
1169 3497 1230 3546 ente
1242 3493 1325 3550 ratio·

221 3579 272 3634 nis.
309 3578 393 3633 Nulla
405 3579 490 3650 igitur
500 3579 596 3634 relatio
609 3583 651 3632 eat
663 3595 710 3632 ens
724 3577 881 3650 physicum
901 3578 948 3632 sed
963 3579 1052 3632 solum
1067 3596 1114 3633 ens
1129 3595 1178 3651 per
1194 3579 1326 3638 rationem

223 3670 272 3720 aut
283 3665 318 3719 ad
329 3682 465 3719 summum
477 3683 525 3720 ens
536 3665 762 3737 metaphysicum,
775 3664 799 3718 si
810 3664 920 3719 termini
931 3664 1003 3719 inter
1015 3681 1083 3736 quos
1101 3669 1142 3719 est
1157 3665 1253 3720 relatio
1271 3665 1327 3719 sint

186 3761 189 3766 ⁴
222 3751 399 3808 constitutiva
416 3751 601 3824 metaphysica
618 3750 701 3806 unius
717 3751 788 3806 entis
804 3751 927 3824 physici3
948 3751 1022 3823 quod
1040 3751 1140 3806 accidit
1155 3750 1185 3805 in
1196 3751 1326 3807 relatione

223 3837 459 3907 transcendentali,
472 3838 505 3892 de
517 3854 571 3909 qua
582 3837 675 3891 statim
686 3855 712 3891 n
727 3855 781 3909 seq.
817 3837 855 3892 Et
866 3843 974 3910 propter
985 3838 1037 3892 hoc
1048 3837 1143 3892 relatio
1154 3856 1210 3892 non
1222 3838 1328 3910 indiget

224 3942 305 3980 causa
322 3923 454 3979 efficiente
472 3941 488 3978 a
505 3924 633 3996 quatiat,
646 3923 695 3978 sed
712 3923 801 3978 solum
818 3923 995 3979 firndamento
1006 3928 1035 3979 et
1046 3924 1170 3979 terminis
1182 3943 1217 3980 ex
1228 3925 1327 3998 quibw

224 4012 345 4066 resultet.

256 4226 274 4264 t
291 4221 366 4280 Hine
383 4227 501 4295 apparet,
515 4222 603 4275 solum
619 4239 667 4274 ens
679 4221 809 4276 rationale
821 4222 956 4295 percipere
968 4239 1045 4294 posse
1057 4221 1218 4277 relationem
1230 4241 1327 4286 secun„

225 4292 291 4346 dum
309 4292 367 4346 eius
385 4291 593 4346 formalitatem:
624 4291 708 4345 immo
728 4292 790 4346 ideo
807 4293 957 4364 potentiam
975 4292 1066 4347 vocari
1084 4293 1245 4362 rationalem,
1265 4294 1329 4366 quia

225 4363 337 4417 rationes
349 4381 397 4426 seu
408 4362 553 4426 relationes
565 4361 749 4433 intelligibiles
761 4379 809 4434 pro
821 4380 870 4417 suo
883 4359 987 4417 obiecto
999 4363 1089 4416 habet.
