3240 4986
260 342 305 406 84
713 362 757 406 na
773 361 905 408 anano.
1235 340 1320 425 [car.
1337 361 1362 408 1.

261 552 368 596 omnes
389 529 422 595 in
442 530 643 616 phaenomena
663 532 824 612 convertit,
840 531 895 612 illi,
911 531 965 618 qui
986 549 1058 598 eum
1081 529 1178 598 secuti
1200 539 1283 611 sunt,
1299 551 1361 596 non

260 650 429 728 potuerunt
450 665 487 707 ex
508 643 574 707 eius
596 642 673 708 ideis
695 642 754 708 sibi
775 642 901 709 reddere
923 643 1073 708 rationem
1103 642 1142 708 de
1163 642 1290 707 obiectis
1312 663 1363 706 co·

262 753 438 837 gnitiomim
467 754 529 819 sive
557 754 812 821 intellectualium
842 755 906 819 aive
935 753 1143 820 sensibilium:
1181 752 1364 839 sequebatur

262 863 345 928 enim
371 885 407 929 ex
435 864 543 930 Kantii
568 865 716 947 doctrina,
741 867 840 931 solum
866 865 1037 930 subiectum
1063 865 1202 950 cogitans
1226 865 1364 943 existere,

263 974 379 1061 reliqua
393 998 464 1041 vero
485 976 580 1062 accipi
602 997 692 1062 posse
714 986 749 1042 ut
771 977 852 1042 solas
871 976 954 1042 ideas
973 985 1028 1041 aut
1042 976 1235 1061 apparentiae
1250 975 1364 1060 depen-

262 1088 370 1153 dentes
395 1109 414 1152 a
438 1088 545 1153 formis
568 1088 743 1154 subiectivis
768 1111 787 1154 a
812 1088 906 1174 priori
932 1088 1131 1154 existentibus
1157 1088 1190 1152 in
1217 1087 1363 1152 subiecto.

262 1200 369 1278 Quum
383 1223 454 1266 vero
469 1200 639 1266 subiectum
655 1202 794 1286 cogitans
809 1201 967 1286 suiipsius
982 1201 1081 1266 ideam
1096 1200 1217 1280 babeat,
1231 1223 1363 1285 pronum

263 1322 327 1377 erat
343 1313 501 1392 deducere,
517 1313 610 1378 etiam
626 1313 798 1378 subiectum
812 1314 961 1398 cogitans,
978 1312 1053 1378 dum
1073 1313 1112 1378 de
1126 1312 1224 1399 seipso
1239 1312 1364 1396 cogitat,

262 1423 380 1487 nullum
397 1422 478 1488 reale
491 1423 645 1489 obiectum
659 1422 780 1503 babere,
797 1423 851 1502 sed
865 1423 962 1490 ideale
977 1432 1110 1504 tantum,
1125 1422 1264 1488 videlicet
1282 1422 1366 1508 quod·

263 1535 321 1600 sibi
333 1535 392 1620 ipsi
402 1535 579 1601 naturaliter
589 1536 717 1621 effingit.
751 1535 842 1600 Hanc
853 1535 1101 1621 consequentiam
1111 1534 1236 1600 deduxit
1248 1534 1365 1614 Fichte,

262 1648 317 1733 qui
335 1645 506 1712 subiectum
524 1647 557 1712 in
577 1647 671 1733 priori
691 1647 731 1714 ad
750 1669 875 1713 omnem
894 1647 994 1712 ideam
1009 1647 1233 1713 consideratum
1248 1646 1364 1712 vocavit

263 1759 332 1842 Epo
340 1781 461 1842 purum,
476 1767 507 1823 et
522 1759 651 1824 asseruit
666 1760 736 1844 Epo
744 1781 856 1844 purum
871 1781 970 1824 creare
983 1761 1109 1843 aupmm
1124 1759 1199 1823 dum
1213 1758 1364 1824 affirmat:

263 1873 332 1956 Epo
346 1894 410 1936 eum
423 1894 496 1956 ερας
518 1894 572 1957 per
587 1894 678 1957 quam
694 1871 926 1948 affirmationem
937 1871 1010 1937 facit
1019 1872 1154 1957 seipsum
1166 1871 1364 1956 singularem.

264 1983 355 2048 Creat
369 1992 472 2048 autem
487 1983 621 2067 seipsum
636 1983 803 2048 limitatum
811 2010 822 2064 3
845 1984 927 2069 quia,
943 2005 1040 2069 quum
1054 1983 1129 2048 dicit
1139 1983 1208 2067 Epo
1222 2005 1287 2048 eum
1300 2004 1365 2065 epo,

263 2094 355 2159 simul
374 2102 468 2179 negat
491 2095 529 2160 de
546 2117 578 2159 se
593 2095 807 2181 aeqriivalcnter
821 2118 913 2161 omne
928 2095 1011 2181 quod
1025 2117 1088 2161 non
1103 2103 1150 2159 est
1164 2096 1243 2180 Epo.
1289 2094 1365 2159 Haec

262 2215 366 2271 autem
380 2205 504 2290 negatio
519 2214 650 2271 coarctat
665 2207 734 2292 Epo
752 2206 834 2271 iutra
852 2207 997 2293 seipsum,
1012 2214 1044 2271 et
1063 2206 1151 2291 ponit
1173 2207 1220 2271 illi
1240 2205 1364 2271 limites.

263 2317 325 2382 Sed
339 2317 418 2382 siem
432 2318 512 2403 Epo,
528 2316 603 2382 dum
618 2317 753 2403 seipsum
769 2317 868 2382 solum
889 2317 1013 2402 cogitat,
1029 2325 1112 2382 creat
1130 2317 1264 2404 seipsum
1283 2317 1366 2382 intra

262 2429 319 2493 hos
333 2429 445 2494 limites
459 2437 657 2509 coarctatum,
672 2431 725 2510 ita,
742 2430 817 2494 dum
831 2429 947 2514 cogitat
962 2429 1054 2495 etiam
1069 2429 1137 2508 alia,
1152 2429 1312 2494 constituit
1333 2450 1366 2494 se

261 2541 319 2605 sub
345 2540 413 2605 aliis
437 2550 469 2606 et
493 2540 560 2605 aliis
585 2540 744 2620 limitibus,
759 2562 837 2626 quos
860 2561 980 2626 semper
1002 2548 1136 2626 superat,
1151 2540 1224 2626 quia
1245 2562 1364 2626 semper

262 2676 341 2720 nova
365 2652 584 2739 apprehendit:
616 2661 709 2739 atque
732 2653 790 2717 hoc
816 2651 906 2717 modo
930 2674 962 2716 se
984 2652 1142 2717 infinitum
1165 2675 1230 2717 esse
1254 2653 1363 2717 intime

262 2766 356 2838 sentit
367 2791 378 2845 3
398 2765 553 2850 experitur
575 2765 657 2830 enim
681 2787 714 2830 ae
739 2763 826 2828 nullo
848 2763 946 2829 limite
971 2764 1131 2829 contineri.
1177 2763 1280 2841 Quare
1294 2766 1364 2849 Epo

257 2901 378 2962 purum,
401 2886 565 2962 antequam
589 2899 621 2941 se
642 2876 754 2941 limitet
778 2898 834 2961 per
858 2876 1063 2962 supradictam
1093 2877 1287 2962 negationem
1316 2877 1365 2940 in·

263 2989 379 3054 clusam
393 2988 427 3053 in
441 2988 616 3072 cognitione
631 2989 689 3068 sui,
705 2996 751 3052 est
766 3010 867 3053 revera
880 2988 1048 3053 infinitum.
1094 2988 1209 3053 Utrum
1223 3011 1293 3052 vero
1307 2988 1366 3053 boc

263 3102 333 3185 Ego
348 3100 388 3165 sit
403 3098 478 3184 quid
494 3099 573 3220 [ψ
588 3123 627 3164 an
642 3098 719 3184 quid
732 3098 838 3178 ideale,
853 3121 917 3163 non
932 3099 1006 3164 satis
1021 3099 1165 3165 cernitur.
1211 3099 1302 3163 Ratio
1318 3106 1366 3163 est
1391 3083 1394 3088 ¹

264 3211 336 3297 quia
350 3212 420 3297 Epo
434 3219 515 3276 creat
531 3211 664 3297 seipsum
679 3233 734 3296 per
749 3220 930 3296 conceptum
951 3219 1096 3292 tantum3
1118 3211 1211 3290 unde,
1227 3212 1366 3297 quamvis

263 3323 370 3390 Fiehte
385 3332 498 3390 aasemt
511 3326 579 3409 Epo
588 3346 700 3406 purum
718 3345 780 3388 eoae
798 3325 915 3388 unicam
932 3323 1106 3403 realitatenr,
1121 3323 1243 3389 videtur
1262 3331 1366 3388 tamen

263 3436 356 3501 etiam
377 3436 442 3500 baec
462 3435 583 3500 realitas
604 3436 691 3499 iuxta
709 3434 812 3519 ipsum
831 3455 894 3499 non
916 3456 982 3500 esse
999 3434 1059 3500 nisi
1073 3435 1198 3520 aliquod
1211 3434 1366 3500 obiectum

264 3549 371 3626 ideale,
385 3547 554 3634 praesertim
570 3570 666 3633 quum
681 3554 781 3611 careat
795 3545 895 3611 adbuc
910 3546 1131 3631 singularitate.

311 3663 362 3725 16.
385 3660 488 3724 Aliam
503 3660 582 3724 viam
597 3659 667 3722 iniit
684 3657 851 3742 schelling,
864 3657 918 3743 qui
933 3667 1096 3744 postquam
1110 3658 1281 3727 admisisset
1296 3680 1366 3724 cum

266 3773 373 3838 Fichte
384 3773 454 3857 Ego
462 3794 582 3856 purum,
595 3770 677 3855 quod
689 3778 768 3834 esset
780 3769 952 3834 subiectum
964 3770 1111 3854 cogitans,
1123 3779 1243 3834 mutata
1252 3781 1367 3850 mente,

187 3961 200 3980 1
265 3883 446 3966 excogitavit
468 3881 622 3966 quoddam
638 3881 826 3960 Absolutum,
849 3880 933 3965 quod
954 3901 1011 3944 nee
1033 3889 1112 3945 esset
1135 3879 1289 3946 obiectum
1311 3903 1368 3946 neo

266 3993 447 4073 subiectum,
462 4015 519 4058 nec
539 3992 697 4056 infinitum
714 4014 771 4056 nec
788 3992 922 4072 finitum,
936 4013 994 4056 nec
1014 4014 1080 4056 esse
1099 4013 1156 4057 nec
1176 4014 1367 4077 cognoscere,

265 4106 320 4171 sed
338 4104 413 4191 quid
432 4104 611 4169 indifferens
630 4105 669 4168 ad
687 4113 863 4190 utrumque.
910 4103 979 4168 Hoc
1001 4103 1199 4184 Absolutum,
1216 4104 1302 4186 iuxta
1320 4107 1368 4190 ip.

265 4240 345 4299 sum,
365 4210 564 4297 est'realitas,
580 4226 611 4281 et
633 4217 712 4280 nibil
733 4225 779 4280 est
800 4215 881 4280 reale
903 4223 988 4280 extra
1008 4217 1111 4302 ipsum
1122 4242 1133 4295 ;
1156 4238 1228 4281 nam
1250 4226 1367 4298 caetera,

265 4351 333 4414 quae
355 4329 446 4393 realia
467 4337 626 4413 putantur,
641 4349 705 4391 non
728 4336 801 4392 sunt
820 4327 880 4393 nisi
895 4327 1099 4413 apparitiones
1113 4327 1210 4412 ipsius
1225 4329 1368 4393 Absoluti
