3240 4986
273 330 336 392 154
577 350 620 394 nr
636 349 782 396 serrone
799 351 856 395 ner
873 351 912 396 ιιι
929 351 1060 396 uuuno.
1227 329 1315 415 [cnr.
1332 348 1372 391 11.

270 517 380 582 effectu
395 515 549 602 recipitur.
594 517 711 595 Quarto
725 517 923 602 distinguunt
938 539 1118 582 concursum
1134 517 1167 581 in
1178 516 1374 581 immediatum

272 637 303 693 et
332 629 498 707 mediatum,
525 637 617 714 prout
646 651 757 714 nempe
785 629 948 714 attingitur
971 629 1097 695 effectus
1122 629 1296 694 immediate
1321 635 1374 692 aut

273 738 426 804 mediante
441 739 501 803 alio
516 749 626 824 agente
641 749 773 804 tantum.
819 740 859 804 In
873 761 1023 805 concursu
1038 740 1169 805 mediato
1192 739 1375 824 supponitur

272 871 455 914 concurrens
470 849 542 916 dare
557 850 605 916 vel
619 872 795 917 conservare
809 851 887 916 vires
902 852 989 916 alteri
1004 852 1117 937 agenti,
1132 851 1179 917 vel
1197 851 1304 916 saltem
1322 873 1373 916 eas

272 961 422 1046 applicare
446 960 486 1026 ad
507 961 674 1046 egendum.
718 962 768 1027 Sic
791 962 984 1028 mechanicus
1007 963 1084 1028 dens
1105 962 1285 1027 alimentum
1307 961 1374 1046 igni

273 1072 351 1137 vires
376 1073 496 1158 vaporis
525 1073 668 1154 intendit,
693 1082 724 1139 et
753 1073 906 1139 concurrit
935 1072 975 1138 ad
1000 1072 1231 1160 producendum
1255 1081 1373 1137 motum

276 1182 435 1250 machine.

320 1295 379 1359 Hae
393 1294 615 1376 distinctiones,
630 1294 782 1381 quidquid
797 1295 837 1360 sit
852 1295 891 1360 de
907 1316 1012 1360 earum
1034 1294 1153 1375 merito,
1168 1294 1201 1360 iu
1221 1293 1378 1360 communi

276 1429 414 1472 sermone
436 1405 649 1472 conservandas
671 1415 755 1487 sunt,
771 1407 843 1493 quia
865 1406 1036 1472 communis
1059 1427 1158 1470 sermo
1179 1405 1218 1470 ad
1238 1405 1377 1470 omnium

277 1527 401 1603 captum
415 1518 578 1582 institutus
592 1518 662 1582 fluit
676 1541 713 1583 ex
727 1518 934 1583 observatione
948 1517 1150 1596 sensibilium,
1165 1517 1197 1581 in
1212 1517 1324 1602 quibus
1339 1516 1378 1580 ob

278 1629 478 1715 multiplicem
501 1630 751 1716 compositionem
774 1652 838 1695 non
859 1631 948 1695 facile
970 1638 1017 1694 est
1037 1630 1138 1714 prima
1154 1629 1256 1693 fronte
1273 1649 1379 1693 omnes

278 1763 381 1806 rerum
396 1742 530 1806 rationes
543 1751 647 1806 exacte
662 1741 872 1807 determinare.
917 1741 959 1804 Et
974 1741 1017 1805 sic
1031 1741 1235 1806 communiter
1249 1740 1380 1804 dicimus

279 1875 460 1918 concursum
489 1855 701 1934 adiuncturum,
731 1854 811 1918 sicut
840 1853 970 1918 dicimus
999 1873 1181 1918 concursum
1206 1875 1359 1917 causarum
1369 1878 1380 1932 3

280 1967 374 2028 immo
386 1977 417 2029 et
431 1965 561 2030 dicimus
576 1969 736 2030 absentium
749 1965 844 2050 patris
856 1985 1034 2030 concurrere
1048 1965 1087 2029 ed
1101 1965 1220 2029 ruinam
1236 1964 1380 2042 filiorum,

279 2087 311 2140 et
332 2079 531 2161 ipamonticm
552 2077 691 2162 magistri
713 2076 752 2142 ad
773 2077 938 2162 perniciem
961 2075 1188 2162 discipulorum.
1234 2076 1295 2140 Sed
1323 2076 1382 2140 hoc

280 2187 355 2268 loco,
375 2210 471 2273 quum
496 2189 623 2274 quaestio
649 2188 687 2253 de
710 2189 814 2254 divino
838 2210 988 2253 concursu
1012 2210 1131 2273 semper
1149 2187 1236 2253 valde
1259 2187 1383 2272 spinosa

280 2299 344 2362 visa
372 2299 475 2379 fucrit,
505 2299 652 2364 debemus
680 2301 782 2384 ipsum
811 2299 993 2364 vocabulum
1022 2321 1188 2364 concursus
1217 2298 1322 2362 stricte
1350 2305 1381 2361 et

281 2410 415 2493 rigorose
433 2411 567 2496 accipere
586 2410 753 2475 secuudum
775 2411 983 2475 definitionem
1006 2411 1146 2496 superius
1161 2409 1274 2489 datam,
1289 2430 1329 2473 nc
1343 2429 1380 2474 ex

281 2521 517 2586 indeterminato
531 2544 591 2586 usu
606 2521 743 2587 vocabuli
757 2522 1007 2608 aequivocationes
1022 2530 1198 2606 exsurgant.

325 2633 404 2698 Dico
425 2643 538 2714 autem,
554 2633 580 2697 si
601 2647 766 2698 concursus
788 2634 892 2700 stricte
914 2641 1054 2698 sumatur
1065 2655 1125 2718 pro
1140 2635 1255 2698 actione
1270 2633 1383 2716 conspi-

282 2754 368 2810 rante
382 2769 446 2809 cum
460 2746 521 2809 clio
535 2749 649 2810 actione
668 2747 708 2809 ud
726 2747 853 2809 eumdem
874 2768 992 2810 nummo
1013 2747 1158 2828 effectum,
1176 2744 1297 2808 nullum
1319 2743 1385 2807 duri

284 2878 465 2920 concursum
501 2856 672 2943 physicum,
697 2855 759 2919 nisi
788 2857 957 2939 positivum,
987 2856 1191 2920 simultaueum
1229 2864 1261 2919 et
1283 2856 1381 2917 imme·

284 2969 414 3032 dictum:
437 2977 467 3032 et
483 2969 526 3033 sic
540 2967 750 3033 distinctiones
764 2967 924 3053 praedictas
938 2967 997 3032 hoc
1011 2966 1077 3032 loco
1092 2967 1157 3033 fieri
1173 2966 1308 3031 inutiles.
1344 2965 1386 3028 Ει

286 3079 411 3162 quidem
434 3079 516 3164 quod
535 3101 700 3144 concursus
717 3079 820 3144 stricte
840 3088 982 3165 sumptus
1000 3088 1130 3165 nequest
1146 3101 1212 3145 esse
1225 3081 1386 3163 cepaticum,

286 3191 473 3276 sufficienter
502 3200 643 3276 apparet:
677 3213 774 3277 quum
802 3191 889 3256 nulla
916 3191 995 3256 actio
1025 3192 1065 3256 sit
1094 3191 1169 3277 quid
1198 3191 1387 3274 negativum.

289 3301 381 3377 Quod
407 3324 477 3366 vero
502 3324 668 3367 concursus
693 3301 797 3367 stricte
823 3310 965 3389 sumptus
990 3311 1121 3388 nequeat
1147 3323 1212 3366 esse
1235 3303 1388 3380 mediatur,

263 3453 266 3460 ·
289 3411 443 3496 probetur.
488 3413 570 3477 Nam
593 3434 758 3477 concursus
781 3413 932 3478 mediatos
953 3413 985 3477 in
1007 3413 1066 3479 hoc
1088 3414 1275 3494 consisteret,
1306 3412 1388 3497 quod

290 3542 473 3590 concurrens
485 3525 579 3604 daret,
590 3534 788 3605 conservaret,
800 3525 846 3590 vel
858 3525 1023 3611 applicaret
1034 3526 1112 3590 vires
1124 3526 1248 3591 alterius
1260 3525 1389 3610 agentis.

290 3637 388 3722 Atqui
409 3637 468 3702 hoc
489 3658 551 3701 non
575 3646 621 3701 est
643 3659 755 3722 ponere
776 3637 925 3702 actionem
944 3659 1014 3701 cum
1032 3636 1090 3701 alia
1109 3636 1334 3720 conspirantem
1352 3635 1392 3699 ad

288 3749 433 3813 eumdem
451 3769 579 3814 numero
598 3747 751 3813 effectum.
796 3748 879 3832 Ergo
897 3769 1063 3812 concursus
1083 3745 1234 3810 mediatus
1258 3767 1321 3809 non
1345 3753 1392 3809 est

293 3859 396 3924 stricte
419 3859 518 3924 dictus
540 3881 716 3924 concursus.
762 3859 869 3922 Minor
889 3881 959 3923 vero
980 3858 1147 3942 probatur3
1170 3879 1241 3947 uam
1266 3859 1300 3920 1⁰
1321 3855 1393 3920 dare

292 3971 340 4036 vel
364 3993 539 4035 conservare
553 3971 631 4035 vires
655 3992 718 4033 non
742 3979 789 4033 est
811 3991 923 4054 ponere
948 3969 1090 4034 effectum
1108 3967 1331 4054 dependentem
1354 3966 1392 4030 ab

293 4084 401 4148 harum
423 4083 532 4147 virium
553 4081 693 4146 exercitio
704 4107 714 4160 3
736 4082 816 4145 vires
842 4082 923 4144 enim
949 4081 1075 4145 existere
1098 4088 1228 4165 possunt
1251 4079 1317 4142 sinc
1339 4077 1395 4142 tali

285 4195 421 4260 'effectur
455 4199 490 4258 2⁰
520 4194 671 4279 applicare
696 4193 774 4257 vires
797 4193 921 4256 alterius
950 4193 1079 4276 agentis,
1106 4192 1138 4256 id
1167 4200 1213 4256 est
1243 4189 1394 4274 applicare

294 4303 388 4388 age'ns
411 4304 458 4374 ad,
472 4303 635 4388 agendum,
655 4311 702 4368 est
722 4303 768 4368 vel
791 4302 968 4386 simpliciter
990 4325 1103 4387 ponere
1125 4302 1291 4368 terminum
1314 4301 1396 4364 intra
