3212 4986
221 361 292 406 car.
309 341 364 425 ιι]
701 362 743 407 nc
759 363 836 406 nso.
1282 343 1326 405 43

221 524 392 589 inordinate
413 524 489 609 agit,
505 524 577 611 quia
598 526 697 610 ipsam
720 525 977 592 inordinationem
999 526 1058 593 sibi
1076 535 1112 592 ut
1127 527 1238 592 bonam
1253 550 1325 612 pro·

221 636 318 720 ponit.
365 637 497 721 Insuper
514 635 573 702 tria
592 636 651 702 alia
671 646 861 722 sequuntur:
887 642 920 702 1⁰
943 660 1040 724 quum
1057 638 1177 704 realiter
1194 641 1325 704 existant

221 747 394 814 voluntates
413 747 575 812 rationales
593 756 709 827 creatae,
725 758 861 833 apparet,
876 748 977 833 legem
991 757 1134 814 aetemam
1149 772 1215 815 esse
1229 750 1324 835 parti·
1443 741 1447 752 '

223 859 392 944 cipabilcm,
413 868 444 924 et
468 869 540 924 actu
565 860 779 945 participatam
804 860 945 925 rationali
966 870 1129 926 creaturae:
1152 861 1201 926 lex
1222 871 1326 926 autem

223 980 345 1052 aeterna,
361 980 397 1036 ut
412 972 454 1037 sic
468 972 659 1057 participata,
676 971 788 1037 dicitur
803 972 850 1036 len
863 974 1030 1037 naturalia:
1053 976 1088 1038 2⁰
1102 973 1177 1038 ordo
1192 973 1324 1054 moralis,

223 1083 315 1148 etiam
337 1082 573 1168 provoluntate
595 1092 705 1162 creata,
728 1083 822 1148 habet
844 1083 1025 1148 obiectivam
1053 1083 1265 1150 necessitatem
1294 1093 1326 1150 et

223 1196 514 1276 immutabilitatem,
534 1197 629 1261 immo
652 1197 745 1261 etiam
765 1196 972 1276 subiectivam,
995 1196 1202 1282 dependenter
1223 1206 1326 1262 umen

207 1307 241 1372 ¹a
266 1308 431 1373 dictamine
454 1308 647 1374 conscientiae
673 1309 739 1392 (seu
765 1308 960 1394 perceptione
983 1309 1093 1373 reflexa
1118 1308 1327 1394 congruentiae

223 1428 310 1485 actus
324 1441 395 1486 oum
410 1419 516 1484 ordine
531 1419 703 1504 obiectivo),
719 1442 788 1505 quae
807 1420 920 1485 idcirco
937 1420 1050 1485 dicitur
1065 1422 1205 1504 proaimo
1222 1421 1326 1505 repeda

222 1531 377 1596 actionum
406 1531 579 1611 moralium,
603 1531 682 1596 sicut
707 1531 756 1596 lex
778 1531 926 1596 naturalis
952 1530 1065 1596 dicitur
1089 1540 1199 1596 renota
1224 1533 1326 1616 reputo

223 1642 418 1707 earumdem:
442 1645 477 1707 3⁰
495 1643 634 1728 quamvis
654 1642 808 1707 obiectum
825 1642 914 1722 reale,
930 1642 964 1707 in
984 1664 1047 1727 quo
1065 1651 1113 1707 est
1134 1643 1232 1727 prima
1249 1642 1327 1707 ratio

223 1753 318 1818 totius
340 1753 456 1818 ordinis
478 1755 612 1834 moralis,
628 1754 668 1818 sit
683 1754 779 1833 Deus,
795 1777 858 1818 non
880 1767 984 1818 tamen
1006 1776 1130 1819 neeesse
1151 1761 1199 1819 est
1220 1763 1325 1819 aetum

223 1865 406 1930 adhaesionis
415 1866 572 1932 terminari
583 1867 622 1932 ad
637 1866 738 1951 ipsum
748 1866 861 1946 Deum,
871 1874 907 1930 ut
921 1866 1018 1951 possit
1033 1867 1125 1930 homo
1139 1866 1230 1931 alicui
1244 1867 1326 1931 bono

223 1978 312 2042 finito
327 1977 480 2042 adhaerere
490 2005 501 2059 ;
524 1978 643 2042 obiecta
662 1978 746 2042 enim
769 1977 867 2056 finita,
884 1977 963 2042 sicut
981 1978 1135 2063 propriam
1157 1977 1326 2043 realitatem

224 2099 255 2154 et
277 2090 570 2175 intelligibilitatem,
593 2071 637 2154 ita
658 2090 814 2175 propriam
834 2089 950 2154 habent
971 2089 1151 2154 bonitatem.
1195 2090 1237 2154 Et
1258 2089 1327 2154 ideo

225 2201 351 2280 bonum,
370 2201 454 2286 quod
467 2201 609 2265 voluntas
631 2201 767 2266 bumana
788 2201 968 2266 naturaliter
989 2201 1117 2286 appetit,
1140 2208 1186 2264 est
1208 2199 1325 2264 bonum

224 2335 261 2377 ex
275 2313 397 2398 propria
412 2312 597 2398 experientia
614 2321 645 2376 et
664 2320 871 2378 creaturarum
893 2313 1068 2396 cognitione
1090 2311 1325 2396 apprehensum,

226 2423 395 2508 cogitatum
409 2424 442 2488 in
457 2425 613 2490 communi
624 2433 655 2488 et
667 2424 901 2490 indeterminate
911 2433 948 2488 ut
959 2424 1147 2488 causativum
1159 2423 1324 2503 felicitatis,

224 2559 287 2600 nou
302 2559 372 2602 vero
391 2536 458 2622 ipsa
477 2537 599 2601 bonitas
619 2537 722 2600 divina
735 2546 827 2621 prout
841 2537 874 2601 in
889 2537 956 2602 Deo
970 2537 1038 2622 ipso
1052 2545 1110 2602 est.
1156 2536 1239 2601 Hinc
1254 2558 1326 2621 pos·

224 2648 311 2713 sibile
322 2657 369 2712 est
384 2657 553 2733 peccatum,
568 2670 629 2733 quo
644 2648 784 2712 voluntas
798 2671 832 2712 se
845 2657 961 2713 avertat
976 2671 994 2712 a
1007 2647 1085 2728 Deo,
1101 2647 1177 2712 dum
1191 2656 1263 2713 actu
1277 2648 1326 2713 in·

223 2759 362 2824 ordinate
377 2759 414 2824 ad
430 2761 548 2824 bonum
563 2760 688 2824 finitum
701 2781 734 2824 se
746 2759 916 2824 convertit:
939 2759 1023 2844 quod
1037 2759 1225 2845 impossibile
1236 2768 1326 2840 esset,

224 2871 252 2936 si
272 2871 492 2956 complacentia
513 2870 588 2935 boni
608 2871 641 2934 in
664 2870 821 2934 communi
843 2879 922 2936 esset
937 2869 1156 2955 complacentia
1171 2870 1209 2936 de
1224 2871 1327 2936 divina

224 2983 371 3048 bonitate.
432 2983 508 3047 Haec
544 2993 648 3046 tamen
681 2982 910 3068 impossibilitas
939 2981 1086 3066 peccandi
1114 2982 1234 3047 videtur
1261 3005 1327 3048 esse

224 3095 392 3161 necessaria
407 3093 614 3178 Ontologismi
637 3094 871 3179 consequentia3
895 3095 967 3179 quia
988 3094 1015 3158 si
1036 3094 1137 3159 omnis
1158 3096 1271 3160 entitas
1292 3095 1325 3160 in

224 3207 352 3272 entitate
373 3206 434 3271 Dei
455 3205 649 3291 intelligitur,
672 3205 765 3270 etiarn
787 3207 886 3270 omnis
908 3206 1030 3270 bonitas
1052 3207 1085 3270 in
1107 3206 1244 3271 bonitate
1265 3207 1326 3271 Dei

225 3335 345 3384 amatur
353 3344 363 3397 3
386 3307 507 3382 amatur
517 3317 600 3382 enim
611 3326 703 3403 prout
717 3318 931 3402 cognoscitur:
955 3325 986 3381 et
1001 3316 1044 3381 sie
1058 3339 1143 3381 amor
1158 3316 1232 3381 boni
1245 3317 1327 3382 finiti

224 3439 304 3496 esset
318 3440 404 3496 actus
419 3452 537 3515 semper
552 3429 592 3494 ad
606 3429 710 3493 Deum
725 3451 897 3507 conversus,
913 3436 945 3492 et
959 3449 1050 3493 nemo
1064 3437 1167 3514 posset
1176 3428 1209 3493 in
1224 3450 1326 3494 amore

226 3542 297 3608 boni
311 3542 392 3606 finiti
404 3541 472 3606 fieri
486 3563 610 3606 aversus
625 3563 643 3604 a
658 3541 736 3605 Deo.

600 3826 785 3871 narremus
801 3825 949 3870 ruarmo.

489 3971 573 4033 Deus
587 3977 631 4032 eat
637 3968 711 4053 fona
726 3971 817 4032 totins
831 3968 943 4032 ordinis
956 3966 1057 4030 realia.

269 4107 320 4170 54.
345 4104 431 4170 Ordo
452 4104 552 4184 realis,
575 4112 611 4169 ut
633 4105 766 4169 existens
788 4111 873 4168 extra
893 4102 1008 4182 Deum,
1030 4100 1145 4186 pendet
1166 4101 1268 4166 aDeo
1289 4113 1326 4168 ut

224 4237 313 4281 causa
324 4216 472 4281 efficiente
486 4241 493 4280 :
508 4224 540 4280 et
552 4215 610 4280 sub
621 4215 679 4279 boc
690 4223 816 4300 aspectu
826 4214 909 4279 huno
919 4213 1057 4278 ordinem
1066 4212 1326 4280 considerabimus

224 4328 322 4414 capite
337 4337 504 4414 sequente:
527 4327 577 4392 hic
588 4349 659 4393 vero
673 4326 814 4392 eumdem
831 4325 968 4390 ordinem
984 4324 1190 4411 spectabimus
1200 4334 1236 4390 ut
1251 4327 1325 4390 emi·
