3212 4986
287 361 329 424 62
750 383 792 426 nn
809 383 885 426 nno.
1231 361 1316 445 [aar.
1334 381 1390 424 111.

327 544 374 609 le
396 545 444 609 his
466 553 592 630 apparet
614 545 691 622 ratio
711 554 835 630 propter
853 567 946 630 quam
961 567 1020 622 ern,
1035 567 1134 608 oerum
1149 552 1180 608 et
1195 545 1301 607 bonum
1316 565 1390 607 con-

283 665 464 722 vertuntur:
495 679 545 720 ens
568 656 650 720 enirn
673 665 818 720 connotat
846 679 909 720 rem
936 665 1028 741 prout
1053 664 1101 720 est
1126 664 1215 720 actus
1239 653 1389 740 quidam3

283 789 382 832 aerum
399 775 542 831 connotat
560 766 803 851 adaequationem
821 767 944 831 termini
967 766 1006 831 ad
1026 789 1117 831 sunm
1137 775 1241 831 actum
1251 793 1260 844 3
1283 767 1390 830 bonum

284 888 429 944 connotat
443 880 658 964 perfectionem
672 879 867 944 intrinsecam
878 879 957 943 entis
969 878 1168 944 resultantem
1180 901 1217 943 ex
1228 878 1391 942 existentia

284 1001 370 1056 actus
392 991 426 1055 in
448 991 579 1055 termino
601 1012 656 1075 per
677 990 804 1054 modum
827 989 972 1074 completi
993 991 1027 1054 in
1049 989 1168 1054 unitate
1187 990 1391 1068 substantiae3

284 1102 387 1166 unitas
408 1103 490 1167 enim
509 1110 555 1166 est
575 1102 672 1166 forma
695 1101 772 1166 dans
790 1102 854 1166 enti
874 1124 939 1166 esse
956 1097 1068 1167 anama
1086 1124 1151 1166 csse
1173 1111 1276 1165 autem
1299 1124 1391 1165 anum

284 1223 331 1278 est
346 1214 411 1279 enti
426 1236 490 1278 esse
506 1216 610 1278 bonum
619 1240 629 1293 3
652 1213 724 1300 quia
738 1237 804 1278 esse
827 1236 923 1277 unum
942 1213 1094 1298 significat
1114 1236 1180 1278 esse
1197 1214 1228 1277 in
1252 1236 1284 1278 se
1305 1235 1390 1277 com-

284 1324 402 1410 pletum
422 1333 453 1388 et
472 1325 558 1388 nullo
576 1324 634 1388 alio
654 1325 878 1410 complemento
892 1347 981 1410 cgere
996 1323 1035 1388 ad
1050 1323 1224 1389 emendum.
1271 1324 1390 1388 Contra

284 1435 465 1501 vocabulum
480 1459 527 1499 rer
544 1435 615 1500 licet
638 1445 831 1500 convertatur
848 1458 918 1500 cum
939 1445 1096 1514 curavero
1117 1431 1156 1500 et'
1166 1437 1250 1514 bono,
1267 1436 1390 1521 proprie

284 1556 387 1612 tamen
406 1547 557 1632 significat
578 1555 675 1611 totam
698 1547 860 1610 essentiam
879 1546 1058 1610 existentem
1079 1554 1115 1610 ut
1135 1546 1390 1630 complectentem

285 1668 398 1738 actum,
414 1659 580 1723 terminum
602 1667 633 1723 et
656 1659 913 1743 complementum
935 1659 1080 1724 unitatis:
1103 1669 1134 1722 et
1157 1659 1200 1723 sic
1214 1682 1262 1723 rea
1276 1659 1392 1723 dicitur

285 1771 323 1835 de
344 1771 472 1835 entitate
487 1769 614 1856 physica
628 1780 659 1834 et
675 1769 823 1849 absoluta,
838 1774 946 1836 entitas
961 1779 1074 1852 autem,
1089 1772 1197 1837 veritae
1219 1780 1250 1836 et
1273 1773 1392 1836 bonitas

284 1882 390 1946 dicunt
406 1881 539 1946 diversas
554 1881 687 1945 rationes
702 1881 798 1945 reales
813 1881 1045 1968 metaphysicas.

329 1995 381 2060 76.
406 1993 546 2059 Secundo
569 2005 716 2058 creaturae
738 1993 920 2077 participant
935 2016 953 2057 a
967 1993 1034 2057 Deo
1057 2016 1120 2057 non
1142 1994 1243 2058 solum
1266 2018 1333 2059 esse
1355 1996 1389 2060 in

284 2128 326 2184 se,
342 2128 395 2169 seu
418 2128 483 2170 csse
506 2105 701 2184 substantias,
715 2104 768 2168 sed
790 2104 882 2168 etiarn
904 2126 969 2168 esse
984 2114 1107 2168 naturas
1121 2104 1270 2191 quasdam
1287 2106 1390 2171 deter-

284 2215 425 2295 minatas,
441 2237 495 2280 seu
515 2215 745 2299 comprincipia
765 2216 964 2296 operationum
973 2239 982 2291 3
1007 2215 1144 2298 sequitur
1164 2223 1278 2295 autem,
1295 2239 1332 2279 cx
1345 2238 1389 2280 -co

284 2328 369 2413 quod
383 2327 445 2391 sint
459 2326 557 2392 finitae
572 2335 602 2390 et
617 2349 654 2390 ex
676 2325 773 2389 nihilo
793 2323 922 2403 eductae,
938 2325 1022 2410 quod
1043 2325 1105 2389 sint
1126 2326 1219 2390 etiam
1234 2330 1390 2411 priacrpia
1411 2346 1416 2355 ·

276 2443 459 2525 passionum.
500 2440 590 2519 Hinc,
603 2462 698 2525 quum
709 2447 794 2503 actus
804 2437 925 2502 divinus
937 2439 1067 2518 essendi,
1078 2448 1113 2501 ut
1128 2440 1333 2505 terminabilis
1349 2441 1390 2506 ad

279 2546 377 2631 'extra3
401 2551 441 2615 sit
464 2551 560 2614 virtus
582 2549 743 2634 operativa,
766 2557 903 2612 creatura
927 2549 1113 2635 participans
1143 2573 1161 2614 a
1183 2550 1251 2616 Deo
1282 2561 1387 2616 actum

282 2662 412 2741 essendi,
425 2660 586 2746 participat
598 2659 713 2744 aliquid
724 2659 807 2744 quod
821 2668 868 2723 est
882 2660 1073 2725 terminabile
1088 2661 1125 2725 ad
1141 2661 1236 2742 aliud,
1248 2675 1279 2726 et
1294 2664 1389 2728 habet

281 2773 431 2838 rationem
445 2771 567 2836 virtutis
582 2771 753 2855 operativae.
801 2771 877 2835 Haec
891 2771 988 2834 virtus
1003 2782 1150 2836 creaturae
1165 2773 1323 2839 evidenter
1337 2785 1387 2839 cst

282 2885 512 2971 proportionata
528 2883 585 2968 ipsi
600 2883 722 2946 entitati
737 2891 822 2946 actus
837 2883 939 2961 creati,
954 2891 1022 2947 turn
1038 2885 1138 2968 quoad
1159 2886 1300 2969 speciem,
1316 2896 1388 2952 tum

282 2995 383 3082 quoad
393 2994 586 3080 perfectionis
596 2994 736 3078 gradum.
781 2993 857 3056 Esse
869 3003 971 3057 autem
983 3016 1037 3056 ens
1052 2996 1241 3079 operativum
1257 3007 1304 3060 cst
1320 3021 1388 3062 esse

281 3109 446 3174 terminum
470 3106 673 3170 extrinsecum
696 3105 914 3189 operativitatis
937 3128 991 3169 seu
1013 3108 1246 3191 omnipotentiae
1262 3111 1387 3191 divinae,

281 3228 323 3300 et,
338 3228 374 3283 ut
389 3219 442 3298 sic,
459 3218 591 3302 aliquam
607 3218 720 3282 divinae
734 3215 856 3280 virtutis
870 3216 1133 3300 participationem
1148 3219 1275 3286 habens.

326 3331 418 3408 Quod
440 3339 542 3395 autem
565 3338 703 3394 creatura
725 3327 765 3391 sit
787 3326 878 3390 etiam
902 3327 1085 3411 principium
1107 3330 1296 3413 passionum,
1327 3334 1388 3399 hoc

279 3444 373 3509 habet
396 3443 652 3527 apotentielitatc
674 3440 791 3504 termini
813 3438 851 3501 ad
873 3461 965 3522 quem
988 3448 1073 3503 actus
1095 3440 1162 3504 eius
1182 3443 1387 3526 terminatur3

280 3579 376 3642 quum
393 3555 476 3620 enim
491 3566 578 3619 actus
593 3561 712 3618 creatus
727 3552 766 3614 sit
780 3549 898 3626 finitus,
914 3533 944 3612 et
960 3550 1097 3633 potentia
1115 3553 1236 3617 essendi
1256 3555 1290 3618 in
1311 3579 1388 3640 qua·

279 3669 354 3734 libet
369 3667 469 3752 specie
483 3667 563 3730 entis
579 3665 619 3729 sit
634 3663 764 3740 infinita,
779 3683 901 3724 necesse
916 3671 962 3723 est
981 3670 1016 3723 ut
1034 3661 1184 3727 terminus
1204 3675 1276 3729 actu
1300 3668 1390 3734 finito

278 3789 420 3845 actuatur
441 3777 481 3842 sit
502 3775 678 3861 potentialis
700 3773 792 3837 relate
813 3769 851 3834 ad
871 3779 971 3834 totum
993 3793 1059 3834 esse
1077 3794 1138 3856 quo
1154 3775 1255 3840 adhuc
1271 3781 1390 3844 actuari

278 3881 390 3977 potest.
437 3888 569 3965 Quando
585 3909 654 3952 vero
669 3885 767 3951 virtus
785 3882 914 3946 alicuius
936 3905 1036 3946 causae
1054 3883 1093 3947 ad
1113 3884 1197 3950 hunc
1218 3891 1389 3957 terminum

278 4000 476 4087 potentialem
492 3997 673 4062 substantiae
687 4001 798 4058 creatae
818 3991 1009 4070 terminatur,
1025 4001 1111 4056 actus
1129 3995 1249 4078 primus
1264 3999 1390 4067 virtutis

277 4122 313 4176 ut
335 4121 477 4196 receptus
498 4109 532 4173 in
553 4109 612 4172 hoc
635 4105 766 4170 termino
787 4103 823 4166 fit
845 4111 930 4166 actus
954 4103 1116 4184 sccundus,
1131 4114 1162 4168 ct
1178 4107 1257 4171 sicut
1273 4110 1389 4178 dicitur

278 4223 357 4287 actio
371 4223 404 4286 in
420 4228 570 4306 quantum
586 4227 631 4283 est
654 4216 692 4282 ab
715 4221 833 4300 agento,
850 4213 893 4277 sic
916 4213 1028 4277 dicitur
1051 4215 1151 4298 passio
1173 4216 1206 4282 in
1229 4233 1386 4304 quantum

276 4342 326 4395 ast
342 4334 374 4395 in
391 4331 566 4414 recipiente.
1237 4344 1239 4349 ’
