3240 4986
223 372 297 416 car.
314 351 361 435 1.]·
682 373 725 416 on
742 371 873 417 nunno.
1285 352 1326 414 95

227 539 415 618 realiaatum,
430 547 462 604 et
485 560 549 603 nou
572 538 677 603 haberi
701 539 735 604 iu
758 547 828 604 ente
848 537 970 604 infinito
986 537 1076 604 aliam
1097 537 1329 604 determinatam

226 650 407 731 realitatem,
423 673 516 736 quam
531 673 600 736 quae
614 651 741 716 resultat
756 673 793 715 ex
808 651 857 715 his
876 649 995 715 entium
1012 650 1327 716 determinationibus.

225 762 400 828 Procedant
420 783 494 850 ergo
513 761 654 846 parallele
673 761 832 826 ratiocinia
852 761 1107 846 pantheistarum,
1121 770 1153 826 et
1172 761 1330 826 ratiocinia

226 895 345 952 eorum,
356 871 411 958 qui
424 894 489 937 nou
503 880 623 957 ponunt
638 873 670 936 in
683 873 781 959 spatio
792 873 933 938 absoluto
944 872 1034 937 aliam
1045 873 1224 952 realitatem,
1236 894 1327 958 quam

226 1007 295 1070 quae
309 984 437 1050 resultat
452 1005 491 1048 ex
513 984 720 1069 occupatione.
766 983 850 1049 Hinc
869 993 1005 1071 apparet,
1019 1006 1077 1049 nos
1096 1007 1160 1049 non
1179 983 1331 1049 inutiliter

227 1098 261 1164 in
274 1105 407 1163 tractatu
421 1094 460 1160 de
473 1095 573 1161 tribus
588 1095 742 1161 continuis
755 1095 836 1161 hane
851 1095 1033 1162 sententiam
1045 1095 1202 1177 refutasse,
1214 1105 1245 1161 et
1256 1119 1329 1162 eon-

227 1208 352 1276 trariam
366 1207 512 1273 tenuisse.

271 1323 325 1386 24.
348 1319 489 1386 Alterum
507 1327 601 1403 caput
620 1317 893 1404 aequivocationum
917 1339 980 1404 quo
999 1317 1181 1405 pantheistae
1196 1317 1331 1384 universi

228 1431 371 1498 videntur
385 1431 515 1496 maxime
529 1429 617 1495 abuti
631 1439 678 1494 est
692 1429 725 1494 in
741 1439 891 1516 conceptu
907 1431 988 1494 entis
1009 1429 1196 1494 universalis.
1241 1429 1332 1494 quta

228 1565 334 1608 sanam
363 1541 587 1630 philosophiam
617 1539 788 1605 universale
815 1550 862 1606 est
891 1542 925 1606 in
949 1541 1156 1626 singularibus
1184 1542 1332 1606 concretis

228 1655 349 1720 realiter
370 1653 652 1732 fundamentaliter,
673 1668 705 1717 et
726 1674 789 1717 non
812 1653 979 1717 formaliter
1000 1661 1036 1717 ut
1057 1652 1238 1732 universale,
1260 1653 1332 1738 qnia

229 1766 396 1852 singularia
410 1765 543 1830 offerunt
558 1764 716 1830 materiam
731 1764 852 1844 realem,
869 1764 948 1830 eirea
963 1786 1056 1850 quam
1073 1765 1247 1830 intellectus
1261 1787 1330 1850 ope·

229 1886 313 1943 retur
335 1900 390 1963 per
413 1877 648 1942 abstractionem
671 1885 702 1941 et
725 1875 933 1961 praecisionem
959 1885 991 1940 et
1013 1876 1053 1941 ad
1075 1876 1245 1941 universale
1264 1899 1332 1963 per-

229 1988 340 2056 veniat.
387 1987 447 2053 Sed
467 1988 520 2054 alii
540 1987 715 2073 philosophi
729 1987 892 2052 voluerunt
913 1986 1097 2053 universales
1117 1997 1282 2073 conceptus
1297 2011 1334 2053 ex

231 2101 323 2167 rebus
337 2099 545 2185 singularibus
560 2097 670 2164 deduci
683 2120 748 2164 non
762 2121 862 2185 posse,
873 2106 904 2163 et
918 2098 962 2163 aie
977 2106 1150 2163 statuerunt
1165 2100 1335 2166 universale

233 2235 300 2280 esse
313 2211 552 2278 fundamentum
567 2209 769 2296 singularium
784 2210 818 2274 in
832 2209 938 2275 ordine
952 2210 1100 2290 idearum,
1115 2211 1222 2276 eodem
1244 2211 1335 2277 modo

118 2321 121 2325 ⁸
235 2349 270 2392 aa
292 2348 347 2391 ens
369 2324 525 2392 infinitum
548 2333 595 2390 est
616 2324 694 2389 ratio
715 2323 854 2388 omnium
876 2323 1033 2388 finitorum
1056 2323 1089 2388 in
1103 2323 1209 2388 ordine
1223 2347 1333 2391 rerum.

233 2437 421 2506 Pantheistae
451 2444 581 2522 utraque
610 2435 749 2501 doctrina
771 2457 843 2500 suos
864 2457 980 2500 errores
1002 2435 1109 2500 fulcire
1130 2444 1335 2518 tentavemnt,
1409 2515 1414 2522 Ι

235 2549 369 2618 munda
392 2548 571 2634 prasertim,
596 2570 665 2634 quae
691 2547 758 2612 sine
783 2546 877 2612 dubio
896 2546 958 2611 illis
976 2547 1024 2613 vel
1045 2547 1176 2612 maxime
1197 2549 1288 2629 favet,
1305 2559 1337 2614 et

236 2669 361 2747 propter
374 2659 433 2726 hoc
448 2683 466 2724 a
479 2658 729 2744 prudentioribus
742 2657 932 2744 philosophis
947 2657 1177 2743 derelinquitur.

279 2773 389 2858 Itaque
403 2771 594 2857 pantheistae,
609 2780 645 2836 nt
659 2770 721 2836 iam
737 2769 912 2834 monuimus
926 2770 971 2853 (n.
984 2770 1050 2852 14),
1061 2778 1242 2854 conceptum
1256 2771 1337 2835 entis

235 2884 380 2950 abstracti
401 2892 433 2948 et
455 2882 683 2950 indeterminati
704 2903 775 2946 cum
798 2889 948 2966 conceptu
970 2881 1049 2946 entis
1071 2881 1209 2947 absolute
1224 2882 1338 2948 infiniti

236 2995 462 3062 conhidemnte
499 3002 530 3060 et
551 2992 762 3078 cogitaverunt
783 2992 885 3056 Deum
909 3002 1065 3078 tamquam
1087 2994 1206 3059 realiter
1227 2994 1338 3060 funda-

238 3108 411 3174 mentaliter
425 3107 605 3172 existentem
620 3106 653 3171 in
668 3105 875 3190 singularibus
888 3105 989 3183 rebus,
1010 3106 1177 3171 formaliter
1191 3128 1261 3172 vero
1275 3129 1339 3172 non

237 3220 298 3286 nisi
321 3221 355 3286 iu
379 3220 523 3286 omnibus
545 3219 637 3285 rebus
660 3219 753 3283 simul
776 3219 907 3302 sumptis
918 3245 929 3298 3
957 3218 1029 3284 hine
1049 3220 1137 3284 Deus
1160 3220 1339 3305 implicitus,

238 3335 323 3399 iuxta
340 3332 458 3398 dictum
482 3331 672 3415 schellingii,
692 3330 725 3394 in
745 3330 862 3395 mundo
880 3331 917 3394 fit
934 3331 1103 3415 explicitus.
1150 3332 1219 3397 Hoc
1236 3341 1339 3397 autem

238 3446 367 3511 eandem
381 3445 531 3510 fallaciam
550 3443 699 3522 eontinet,
714 3464 750 3507 ac
771 3441 885 3527 siquis
904 3442 996 3522 dicat,
1011 3451 1153 3506 naturam
1173 3443 1339 3508 humanam

239 3579 302 3622 non
323 3578 389 3620 esse
411 3553 535 3640 quidem
557 3552 726 3618 formaliter
748 3552 947 3617 universalem
968 3551 1001 3616 in
1024 3552 1153 3637 singulis
1167 3541 1340 3619 ¹individuis

242 3667 325 3753 (quia
346 3677 382 3730 ut
404 3664 581 3732 uui-versalia
603 3663 767 3729 adomnia
789 3663 946 3728 individua
969 3686 1001 3728 se
1020 3665 1176 3750 porrigit),
1199 3665 1255 3730 sed
1276 3687 1341 3731 esse

239 3777 439 3846 universalem
470 3774 638 3842 formaliter
669 3775 701 3839 in
735 3774 912 3840 collectione
948 3776 1086 3840 omnium
1115 3775 1340 3841 individuorum

241 3888 436 3954 existentium
452 3895 483 3951 et
497 3885 689 3972 possibilium
709 3885 829 3970 (saltem
844 3886 973 3952 sublatis
990 3887 1071 3952 notis
1093 3886 1341 3969 individualibus,

240 4024 308 4086 quae
322 4022 387 4067 nou
406 3999 447 4064 ad
467 3996 691 4063 humanitatem
711 3997 818 4080 ipsam,
836 3996 888 4062 sed
906 3998 946 4062 ad
965 3999 1030 4063 eius
1050 3999 1254 4082 apparitiones
1272 4022 1343 4085 pro·

241 4114 306 4199 prie
326 4111 546 4197 pertinerent):
573 4108 606 4173 in
628 4107 825 4192 possibilibus
845 4108 1003 4193 implicite,
1022 4109 1055 4172 in
1075 4109 1274 4175 existentibus
1293 4134 1343 4176 ex·

238 4224 359 4309 plicite:
382 4223 416 4287 in
437 4220 644 4308 possibilibus
653 4219 753 4285 adhue
775 4220 981 4300 evolvendam,
1004 4221 1258 4286 inexistentibus
1281 4223 1341 4288 ianr

239 4336 400 4402 evolutam.
447 4334 487 4398 In
502 4333 559 4397 hoc
574 4340 678 4397 autem
694 4331 854 4416 multiplex
869 4341 915 4397 est
931 4333 1095 4416 sophisma.
1141 4334 1244 4398 Primo
1259 4337 1341 4400 enirn
