3240 4986
263 388 334 434 car.
351 368 405 452 11.]
718 389 760 432 nn
778 389 908 434 nonno.
1300 371 1361 434 105

263 556 496 642 distinguantur
508 555 638 636 realiter,
649 557 797 643 sequitur,
807 580 871 623 non
885 579 974 645 posse
985 581 1035 623 erra
1041 558 1171 641 samuele
1185 553 1364 623 substantia

263 676 369 732 creata
394 690 459 732 esse
483 667 516 731 in
539 668 608 732 Deo
633 676 790 754 tamquam
813 677 931 750 partem
957 670 991 734 in
1013 678 1090 751 toto,
1113 670 1187 756 quin
1211 669 1298 734 Deus
1324 667 1364 732 sit

263 779 383 845 realiter
411 779 598 865 compositus
627 801 663 844 ex
691 779 881 846 realitatibus
910 789 1126 846 ereaturarum.
1180 780 1271 857 Quod
1300 801 1364 844 non

248 874 363 955 ¹solum
377 899 424 955 est
444 900 550 972 contra
563 898 706 955 naturam
728 891 905 972 divinitatis,
922 892 1081 956 sedetiam
1096 898 1201 956 contra
1222 899 1363 956 naturam

263 1024 375 1082 rerum,
395 1024 463 1088 quae
485 1001 598 1066 formas
623 1003 778 1088 oppositas
799 1003 834 1068 in
854 1025 953 1068 unum
978 1003 1121 1090 componi
1145 1010 1237 1069 vetat.
1282 1002 1364 1068 Talis

264 1114 360 1200 igitur
374 1113 534 1178 creationis
545 1113 707 1198 explicatio
721 1113 797 1179 salsa
810 1122 857 1179 est
871 1122 903 1179 et
917 1113 1180 1180 inadmissibilis*.

307 1227 360 1290 31.
384 1226 484 1289 Dices.
506 1225 583 1290 Tota
605 1225 717 1289 entitas
739 1233 883 1290 creaturae
904 1233 951 1289 est
973 1246 1010 1289 ex
1028 1233 1099 1290 actu
1120 1225 1268 1305 erectim,
1290 1248 1364 1311 ergo

264 1337 415 1422 quidquid
429 1336 470 1401 ait
485 1335 523 1401 de
536 1337 677 1416 termino,
692 1336 725 1400 in
745 1358 807 1421 quo
821 1335 871 1400 hic
886 1344 972 1400 actus
986 1336 1140 1421 recipitur,
1155 1336 1267 1401 entitas
1282 1358 1362 1402 crea-

264 1457 341 1513 tune
355 1456 402 1513 est
416 1457 502 1512 actus
517 1447 648 1512 divinus.

309 1557 492 1644 Respondeo
506 1581 586 1623 eoae.
598 1566 660 1622 ant.
670 1580 700 1622 a.
710 1579 799 1638 eorm,
809 1557 881 1644 quia
895 1557 978 1622 uliud
993 1565 1040 1622 est
1049 1579 1110 1622 esre
1122 1579 1160 1622 ee
1173 1565 1242 1644 octa
1256 1557 1362 1637 diuino,

264 1669 427 1736 aliudvero
441 1693 501 1734 esse
516 1677 613 1735 actum
627 1671 772 1735 divinum:
795 1669 930 1755 primum
945 1677 992 1734 est
1007 1691 1122 1748 verum,
1137 1668 1210 1753 qnia
1223 1667 1267 1732 ibi
1281 1675 1375 1752 erm·

264 1783 390 1848 denotat
410 1805 531 1849 causam
550 1783 741 1862 efficientem,
756 1791 787 1846 et
802 1805 863 1847 erac
884 1781 1036 1868 significat
1050 1781 1166 1866 aliquid
1187 1781 1225 1845 ab
1240 1802 1276 1844 eo
1293 1789 1364 1846 actu

264 1892 462 1959 distinctum:
485 1892 654 1958 secundnm
669 1901 716 1958 est
730 1892 852 1971 falsum,
862 1892 934 1978 quia
947 1892 991 1957 ibi
1005 1901 1089 1957 actua
1103 1892 1228 1956 denotat
1242 1912 1364 1956 eausam

263 2003 431 2084 formalem,
444 2010 475 2068 et
489 2026 550 2069 erae
561 2003 712 2088 significat
726 2002 868 2068 eumdem
879 2003 981 2068 actum
996 2003 1159 2068 intrinsece
1167 2003 1363 2088 completum,

264 2137 318 2179 scu
340 2114 484 2180 effectum
506 2114 676 2180 formalem.
721 2115 782 2179 Pro
803 2114 946 2180 ulteriore
963 2113 1162 2198 explicatione
1179 2114 1275 2179 recole
1297 2136 1365 2200 qua

262 2225 394 2290 diximus
408 2248 501 2311 supra
518 2227 562 2310 (n.
578 2227 624 2309 6).

306 2338 445 2402 lactabis.
469 2337 662 2421 Impossibile
677 2345 724 2402 est
737 2359 803 2402 rem
817 2336 890 2403 inde
906 2336 1063 2402 extrahere
1076 2336 1130 2402 ubi
1145 2358 1208 2400 non
1221 2343 1278 2402 est.
1303 2335 1364 2401 Sed

262 2449 319 2512 hoc
340 2448 464 2513 deberet
477 2447 553 2528 fieri,
569 2450 596 2512 si
617 2449 730 2514 creatio
746 2471 809 2513 non
829 2457 909 2514 esset
930 2447 1051 2514 eductio
1070 2449 1114 2513 rei
1131 2470 1168 2513 ex
1180 2448 1270 2525 Deo;
1292 2469 1364 2512 nam

262 2568 333 2624 ante
347 2559 530 2625 creationem
545 2582 594 2624 res
608 2560 642 2623 in
657 2560 721 2624 solo
735 2560 803 2624 Deo
818 2561 953 2625 luerunt.
997 2560 1092 2644 Ergo.
1132 2605 1134 2608 -

304 2671 487 2756 Respondeo
503 2695 534 2736 a.
549 2673 599 2736 M.
614 2670 815 2756 intelligendo
836 2671 914 2736 illud
936 2673 1002 2736 inde
1024 2681 1055 2736 et
1069 2673 1120 2735 ubi
1140 2671 1362 2752 convenienter,

261 2782 294 2847 id
308 2791 355 2847 cst
368 2804 426 2867 pro
440 2805 531 2848 causa
551 2791 583 2848 et
597 2784 739 2849 termino.
783 2783 825 2848 Et
839 2784 934 2869 quaeri
948 2791 1050 2868 potest
1065 2783 1104 2847 ab
1119 2782 1306 2862 adversariis,
1322 2806 1362 2848 an

261 2893 413 2975 velocitas,
429 2895 552 2979 quando
567 2894 755 2979 producitur,
771 2903 825 2960 aut
839 2895 946 2979 figura,
962 2902 1016 2958 aut
1036 2894 1095 2959 ulia
1109 2893 1251 2980 quaelibet
1266 2894 1364 2959 forma

262 3005 455 3069 accidentalis
469 3005 542 3069 inde
556 3005 754 3069 extrahantur
769 3005 823 3068 ubi
838 3013 920 3070 sunt.
952 3004 995 3069 llt
1009 3005 1035 3068 si
1050 3003 1162 3084 dicant,
1174 3005 1363 3070 velocitatem

261 3115 600 3201 contineriinpotentia
609 3115 744 3180 materia
754 3123 785 3179 et
796 3114 829 3178 in
838 3114 952 3179 virtute
967 3114 1102 3194 motoris,
1112 3114 1364 3199 respondebimus
1423 3163 1428 3172 .

262 3226 346 3312 quod
360 3208 498 3310 potentia
512 3227 646 3291 materiae
660 3249 724 3291 non
740 3235 786 3291 est
801 3226 903 3311 aliqua
916 3225 1069 3305 velocitas,
1081 3234 1112 3290 et
1126 3227 1223 3292 virtus
1237 3226 1364 3291 motoris

261 3344 386 3420 non-est
401 3336 502 3423 aliqua
517 3338 679 3403 velocitas:
702 3344 734 3401 et
749 3337 792 3402 sic
807 3337 948 3402 velocitas
971 3359 1090 3422 semper
1103 3337 1175 3402 inde
1196 3336 1364 3402 extrahitur

261 3447 315 3511 ubi
329 3469 393 3511 non
412 3457 468 3512 eat.
512 3447 633 3525 Deinde
654 3447 917 3532 respondebimus,
933 3447 1016 3533 quod
1038 3449 1117 3513 sicut
1131 3447 1273 3514 velocitas
1291 3471 1363 3514 con-

261 3559 377 3623 tinetur
395 3559 478 3642 (licet
498 3559 597 3623 solum
617 3559 650 3623 in
670 3568 739 3626 actu
746 3561 846 3643 primo
866 3567 897 3624 et
912 3558 1095 3641 eminenter)
1115 3559 1149 3624 in
1164 3560 1276 3626 virtute
1299 3582 1364 3626 mo·

296 3753 314 3792 ¹*
332 3750 360 3806 S.
374 3749 471 3822 Oongr.
485 3749 587 3821 Inquis.
600 3749 645 3804 die
662 3749 697 3804 18
716 3749 881 3822 Septembris
899 3749 969 3803 1861
987 3751 1132 3822 respondit,
1151 3757 1206 3806 tuto
1223 3751 1296 3806 tradi
1312 3769 1364 3806 noa

217 3889 222 3908 ,
258 3853 332 3906 posse
343 3836 539 3908 propositiones
551 3839 663 3908 septem,
676 3852 791 3907 quarum
802 3836 863 3890 duae
876 3840 940 3890 sunt
952 3842 1108 3908 sequentes:

297 3923 378 3983 “Res
396 3928 493 3980 creata
512 3923 621 3978 suntin
632 3913 691 3978 Deo
709 3932 847 3995 tamquam
856 3939 917 3994 pars
934 3921 964 3976 in
980 3927 1047 3992 toto,
1059 3941 1115 3978 non
1130 3922 1241 3994 quidem
1257 3922 1287 3976 in
1304 3927 1363 3978 toto

260 4007 376 4078 formem,
388 4009 477 4064 sedin
492 4012 551 4063 toto
563 4008 679 4077 infinito,
692 4007 900 4081 simplicissimo,
912 4008 985 4079 quod
996 4025 1058 4064 suae
1069 4008 1146 4080 quasi
1163 4014 1253 4080 partes
1264 4009 1364 4081 absque

261 4096 319 4150 ulla
331 4081 374 4150 sui
385 4095 519 4152 divisione
531 4113 563 4150 ac
575 4095 755 4150 diminutione
768 4099 845 4150 extra
856 4111 885 4148 sa
897 4093 1000 4166 ponit.'’

298 4185 315 4216 “
323 4182 431 4238 Oreatio
442 4183 482 4237 sie
497 4182 627 4254 explicari
638 4186 745 4254 potest:
764 4183 839 4236 Deus
850 4180 909 4254 ipso
921 4185 986 4236 actu
997 4180 1115 4253 speciali,
1128 4198 1182 4254 quo
1194 4199 1222 4236 se
1234 4182 1366 4256 intelligit

262 4273 290 4324 et
302 4268 363 4324 vult
374 4273 513 4339 tamquam
524 4267 684 4322 distinctum
701 4285 718 4324 a
731 4267 910 4324 determinata
926 4272 1055 4338 creatura,
1068 4267 1178 4324 homine
1190 4287 1215 4326 v.
1228 4287 1277 4342 gn,
1289 4287 1364 4326 crea·
1479 4291 1480 4294 ¹

262 4354 513 4428 turamproducit.”
761 4378 767 4384 ¹*
