3240 4986
288 358 331 426 82
748 379 792 426 or
808 379 939 426 uuuno.
1267 357 1353 444 [cnr.
1370 379 1394 423 1.

291 543 364 612 Non
381 553 429 612 cat
445 567 519 632 ergo
533 547 639 632 ¹tigura
661 545 694 612 in
716 546 816 632 spatio
837 545 980 613 absoluto
1001 553 1159 632 tamquam
1181 545 1216 610 in
1237 543 1394 613 subiecto:

289 655 478 742 quodetiam
494 656 573 722 clara
588 665 673 742 patet
687 677 724 722 ax
738 678 775 722 eo
788 656 874 744 quod
891 657 1025 743 spatium
1045 655 1222 723 absolutum
1239 657 1395 725 infinitum

288 775 321 833 at
341 768 441 853 figura
462 767 559 848 finita,
582 776 691 853 utpote
712 769 874 850 contraria,
897 777 1050 855 nequeant
1072 790 1139 834 θεεθ
1160 768 1263 836 simul.
1308 769 1395 834 Sicut

289 899 364 964 ergo
382 879 481 964 figura
502 877 590 946 finita
612 901 675 945 nou
694 888 742 946 est
759 881 793 946 in
811 879 910 966 spatio
925 878 1066 946 absoluto
1080 888 1116 945 ut
1130 879 1163 944 in
1179 879 1325 958 subiecto,
1341 879 1395 944 aed

289 997 336 1056 cat
351 987 456 1056 ralatio
470 989 672 1056 terminorum
686 1013 757 1058 cum
772 991 974 1057 fundamento
989 991 1159 1058 extrinseco
1173 991 1207 1056 in
1217 990 1395 1058 terminabi-

288 1099 376 1166 litata
390 1099 481 1187 spatii
495 1100 638 1182 absoluti,
653 1101 698 1167 ita
711 1104 794 1169 entia
809 1102 896 1168 tinita
910 1124 974 1169 non
989 1112 1062 1169 aunt
1077 1103 1111 1168 in
1128 1112 1200 1170 ente
1219 1103 1340 1168 infinito
1357 1112 1395 1168 ut

289 1211 322 1277 in
337 1210 484 1292 subiecto,
495 1211 550 1278 sed
564 1220 637 1278 aunt
651 1213 774 1278 termini
785 1215 952 1280 extrinsece
963 1215 1163 1280 terminantes
1176 1215 1393 1283 virtualitatem

290 1321 436 1389 rastitatis
444 1323 582 1404 infinita,
593 1324 672 1390 sicut
681 1324 799 1391 dictum
809 1333 855 1390 est
864 1326 898 1392 in
908 1335 1041 1392 tractatu
1049 1327 1239 1412 praecedente
1253 1328 1296 1411 (n.
1310 1331 1353 1394 74
1363 1336 1395 1392 ct

290 1435 401 1520 seqq.).
439 1435 530 1502 Unde
542 1434 719 1522 simpliciter
729 1459 835 1502 verum
845 1446 901 1518 est,
911 1438 995 1523 quod
1005 1438 1049 1503 ita
1061 1448 1253 1524 comparatur
1262 1438 1395 1504 ubicatio

291 1546 373 1632 (dico
385 1547 590 1614 ubicationam
604 1549 708 1635 potius
722 1571 814 1635 quam
829 1549 971 1635 figuram,
983 1549 1056 1638 quio
1067 1551 1166 1635 figura
1176 1573 1239 1616 non
1249 1552 1394 1619 terminat

290 1657 424 1746 spatium
440 1659 626 1741 absolutum,
638 1660 692 1727 aed
706 1660 866 1726 relativum
881 1669 1015 1742 tantum,
1030 1685 1126 1748 quum
1141 1662 1268 1730 resultet
1283 1686 1320 1730 ex
1334 1672 1395 1730 ter·

291 1769 384 1835 minis
395 1769 486 1856 spatii
497 1779 605 1837 mutuo
616 1771 731 1856 relatis)
745 1770 785 1838 ad
797 1772 929 1858 spatium
945 1772 1119 1840 absolutuin
1134 1773 1302 1854 infinitum,
1314 1775 1394 1842 sicut

290 1902 346 1946 ens
361 1881 483 1947 finitum
498 1881 538 1948 ad
551 1903 607 1948 ena
620 1881 740 1948 infinite
754 1883 943 1969 perfectum
966 1885 1021 1950 sed
1035 1907 1072 1950 ex
1085 1884 1144 1952 hoc
1158 1885 1236 1952 nihil
1257 1886 1394 1971 sequitur

289 2013 346 2079 pro
361 1992 561 2079 pantheiatis:
585 1993 622 2059 de
637 2015 699 2079 qua
712 2016 745 2058 re
759 1993 848 2080 plura
862 1995 1010 2062 addemus
1025 1995 1058 2060 in
1073 2005 1219 2082 sequente
1234 1997 1371 2063 artiordo.

333 2103 474 2170 lastadio.
505 2103 598 2181 Quod
620 2104 740 2190 indiget
763 2107 929 2172 sustentari
954 2129 1017 2172 non
1042 2115 1090 2173 est
1115 2107 1305 2176 substantia:
1339 2109 1394 2175 sed

290 2213 394 2281 omnia
407 2213 549 2301 indigent
564 2215 729 2282 sustentari
743 2237 762 2282 a
774 2217 863 2297 Dc03
879 2239 953 2303 ergo
965 2219 1048 2284 solus
1058 2218 1146 2284 Deus
1154 2228 1201 2284 est
1211 2220 1392 2288 substantia.

335 2325 517 2412 Respondco
536 2326 606 2392 dar.
622 2327 672 2392 M.
688 2326 772 2412 quod
786 2326 905 2412 indiget
921 2328 1085 2394 sustentari
1099 2328 1131 2395 in
1144 2328 1279 2397 subiecto
1293 2354 1320 2396 c.
1332 2334 1379 2396 M.
1382 2380 1393 2411 ,

290 2437 374 2525 quod
387 2436 507 2523 indiget
526 2437 701 2518 sustentari,
717 2460 772 2504 seu
786 2439 956 2506 conservari
971 2463 1001 2506 a.
1017 2442 1067 2507 M.
1083 2449 1114 2508 et
1128 2443 1261 2510 contrad.
1275 2445 1346 2508 mio.
1361 2468 1392 2508 a.

289 2573 368 2618 omre.
413 2550 505 2617 Ratio
519 2549 724 2617 distinctionis
739 2559 786 2619 est
797 2551 930 2618 evidens.

334 2664 384 2728 18.
413 2663 540 2728 Obiieica
553 2665 598 2728 4⁰.
622 2661 672 2728 Ita
689 2661 864 2743 continetur
878 2663 911 2728 in
925 2665 994 2730 Dco
1008 2674 1095 2730 actus
1109 2688 1127 2730 a
1141 2665 1210 2730 Deo
1225 2665 1391 2751 productus

289 2777 368 2842 sicut
390 2778 564 2845 continetur
585 2785 672 2842 actus
694 2776 890 2843 accidentalis
911 2777 944 2842 in
967 2778 1148 2846 substantia.
1193 2781 1291 2867 Atqui
1305 2790 1392 2847 actua

288 2888 483 2954 accidentalis
496 2888 582 2953 iuxta
595 2887 794 2973 philosophos
809 2890 926 2954 nullam
941 2888 1034 2955 habet
1049 2891 1209 2958 entitatem
1225 2901 1309 2957 extra
1320 2893 1391 2960 sub·

289 2998 444 3064 stantiam.
489 3000 573 3084 Ergo
592 3021 640 3064 res
661 3000 760 3064 aDeo
782 3000 941 3086 producta
960 3001 1076 3068 nullam
1097 3004 1211 3069 habent
1231 3005 1390 3070 entitatem

288 3109 494 3174 extraDeum.
531 3110 794 3196 Etmaiorpatet3
817 3112 1391 3184 namsubstantiaoonservataccidens

288 3243 351 3294 non
367 3220 470 3313 minua
483 3241 577 3307 quam
590 3222 677 3286 Deus
688 3233 846 3289 conservet
860 3223 1074 3292 substantiam.

331 3332 512 3419 Respondeo
526 3333 593 3398 dist.
610 3333 660 3398 M.
676 3333 755 3399 sicut
769 3335 944 3401 continetur
958 3347 1046 3402 actus
1059 3337 1253 3404 accidentalis
1267 3341 1300 3406 in
1316 3341 1390 3407 sub·

288 3445 402 3510 stantia
416 3446 534 3530 agentia
548 3444 765 3530 reduplicativc
780 3446 897 3531 sumpti
911 3470 937 3511 c.
948 3449 1009 3528 M„
1023 3449 1101 3514 sicut
1115 3451 1290 3517 continetur
1304 3463 1391 3520 actus

288 3556 481 3622 accidentalis
495 3556 528 3620 in
544 3555 715 3621 substantia
728 3557 884 3641 patieutis,
897 3581 951 3624 seu
965 3558 998 3623 in
1014 3560 1150 3626 subiecto
1165 3561 1230 3626 eius
1239 3566 1391 3650 receptiva

288 3693 319 3735 ra.
328 3671 389 3748 M„
399 3676 429 3733 et
440 3669 509 3732 diat.
521 3672 592 3736 min.
604 3677 690 3734 actus
701 3668 894 3734 accidentalis
903 3670 1020 3736 nullam
1031 3671 1124 3736 habet
1135 3674 1295 3740 entitatem
1306 3686 1391 3742 extra

289 3779 492 3844 substantiam
501 3779 534 3842 in
546 3801 608 3863 qua
618 3779 763 3864 recipitur
774 3803 800 3845 c.
809 3781 891 3860 mim,
901 3780 1017 3846 nullam
1031 3782 1124 3848 habet
1133 3786 1293 3852 entitatem
1307 3798 1395 3854 extra

289 3891 492 3956 substantiam
508 3913 525 3954 a
546 3913 607 3975 qua
620 3891 758 3976 procedit
772 3915 802 3956 rr.
817 3893 887 3959 min.
903 3901 934 3960 et
949 3915 1028 3960 conc.
1074 3895 1149 3960 Haec
1164 3895 1293 3962 obiectio
1316 3922 1390 3984 sup·

287 4003 376 4089 ponit
391 4010 491 4067 actum
507 4003 626 4088 agentis
641 4026 706 4067 esse
725 4003 759 4067 in
781 4013 901 4088 agente,
917 4005 1001 4090 quod
1023 4015 1069 4072 est
1092 4007 1213 4088 falsum,
1235 4009 1261 4072 si
1281 4020 1390 4094 agatur

288 4115 326 4179 de
335 4124 406 4180 actu
414 4114 546 4179 secundo
558 4114 612 4199 qui
624 4115 663 4178 sit
678 4114 828 4180 terminus
843 4115 970 4182 actionis
981 4117 1177 4201 productiva.
1224 4118 1316 4186 Unde
1326 4144 1390 4186 non

288 4227 387 4292 solum
403 4235 489 4291 actus
503 4226 671 4311 productus
686 4249 704 4290 a
718 4225 786 4290 Deo
800 4247 864 4320 non
879 4233 926 4290 est
940 4226 974 4290 in
988 4227 1067 4306 Deo,
1083 4228 1136 4292 sed
1147 4229 1390 4299 necullusactus

287 4338 454 4424 productus
474 4359 492 4401 a
509 4347 647 4402 creatura
664 4347 710 4402 est
725 4338 757 4401 in
772 4337 839 4421 ipsa
853 4345 889 4401 ut
904 4338 1011 4418 activa,
1024 4339 1076 4407 sed
1092 4347 1138 4406 est
1154 4363 1272 4426 semper
1286 4341 1319 4407 in
1335 4343 1388 4407 ali·

1595 1199 1603 1511 i
