3222 4984
236 386 305 430 car.
323 367 394 452 rra]
546 389 588 432 nn
606 389 749 433 serrone
767 390 826 434 our
842 391 879 434 ru
897 392 1027 436 nunno.
1277 373 1340 438 179

233 557 320 614 actus
335 558 381 614 est
396 550 522 616 effectus
544 551 640 616 divini
661 575 828 619 concursus
851 553 1027 640 immediate
1049 551 1206 617 influentis
1225 551 1258 615 in
1272 551 1338 616 eius

231 682 307 740 esse,
322 661 448 727 directio
462 685 532 728 vero
547 673 634 728 actus
648 666 688 730 ad
702 667 795 730 finem
810 666 958 751 accipitur
974 665 1143 730 secundum
1158 664 1337 728 relationem

231 773 355 838 termini
369 775 408 838 ad
423 776 599 856 terminum,
623 799 677 842 seu
700 777 870 848 secuudum
890 778 1028 843 ordinem
1044 776 1251 861 providentie.
1293 775 1336 838 Et

230 884 299 950 ideo
321 909 478 952 concarata
500 888 614 952 dicitur
636 889 675 952 ad
697 898 811 968 actum,
834 889 1003 954 secundum
1026 889 1091 954 eius
1115 889 1334 966 intensitatem,

223 999 411 1080 mooidentia
425 999 538 1064 dieitur
553 1001 591 1064 de
606 1009 678 1066 actu
698 1003 868 1067 secundum
883 1003 949 1067 eius
964 1001 1163 1066 directionem
1177 1000 1216 1064 ad
1230 1000 1333 1065 finem.

229 1110 385 1176 Differunt
405 1133 479 1197 ergo
502 1113 535 1177 in
561 1114 680 1179 ratione
700 1115 820 1179 formali
842 1137 1006 1180 concursus
1028 1123 1059 1180 et
1082 1112 1282 1200 providentia,
1297 1110 1334 1174 li-

229 1231 277 1288 cet
292 1225 412 1289 realiter
427 1247 459 1290 se
474 1238 584 1290 mutuo
599 1227 771 1292 includant.

272 1335 345 1400 Non
359 1345 461 1422 potest
476 1359 548 1422 ergo
563 1338 685 1403 admitti
701 1338 822 1403 divinus
833 1361 999 1404 concursus
1013 1339 1053 1406 ad
1066 1338 1201 1403 actiones
1215 1344 1334 1401 oreatu-

226 1469 340 1529 rarum,
355 1448 431 1535 quin
446 1449 627 1515 admittatur
642 1450 744 1516 divina
753 1450 935 1536 gubernatio
949 1460 981 1516 et
997 1449 1195 1536 providentia.
1226 1447 1332 1524 Quum

226 1568 329 1624 autem
343 1582 450 1625 omnes
465 1583 590 1646 prorsus
605 1572 693 1628 aetus
704 1573 911 1628 creaturarum
927 1564 1085 1648 indigeant
1097 1584 1248 1628 concursu
1261 1559 1332 1638 Dei,

226 1671 365 1757 sequitur
379 1673 483 1738 omnia
496 1696 622 1758 prorsus
636 1674 742 1740 cadere
758 1675 815 1740 sub
831 1675 934 1740 divina
948 1675 1170 1760 gubernatione
1185 1683 1216 1736 et
1231 1671 1331 1758 provi·

226 1781 347 1848 dantia:
370 1784 454 1868 quod
468 1807 555 1850 num.
573 1809 635 1871 seq.
648 1786 897 1851 confirmabimus
909 1809 945 1851 ex
956 1788 988 1851 S.
997 1788 1124 1852 Thema.
1172 1785 1233 1850 Sed
1247 1805 1330 1848 reco-

225 1893 351 1959 lendum
373 1905 419 1960 est
441 1896 503 1977 hic,
527 1896 639 1981 duplex
661 1920 727 1962 esse
748 1907 956 1964 creaturarum
977 1921 1093 1983 genus:
1116 1897 1200 1962 aliud
1214 1918 1329 1974 earum,

224 2028 295 2090 quae
308 2008 481 2073 necessario
495 2019 604 2093 agunt,
620 2009 704 2074 aliud
718 2031 822 2074 earum
839 2033 907 2095 quae
922 2010 1136 2094 contingenter
1151 2009 1213 2073 sive
1223 2007 1328 2073 libere.

225 2117 355 2198 Priores,
370 2142 469 2205 quum
485 2121 548 2185 sint
563 2120 772 2186 determinata
786 2121 826 2185 ad
840 2144 949 2200 unum,
967 2121 1082 2186 habent
1104 2120 1328 2184 ordinationem

224 2231 424 2296 necessariam
439 2230 597 2311 adfinem,
613 2241 644 2296 et
659 2241 742 2297 recta
755 2233 889 2297 tendunt
911 2233 951 2297 ad
967 2233 1061 2296 finem
1075 2231 1115 2296 ad
1129 2254 1220 2316 quem
1236 2239 1329 2294 netu·

223 2341 327 2405 raliter
347 2342 539 2422 ordinantur,
563 2343 643 2408 sicut
658 2343 769 2408 mobile
784 2351 866 2408 recta
880 2343 980 2408 tendit
995 2343 1034 2406 ad
1048 2364 1143 2426 agens
1158 2365 1176 2406 a
1190 2364 1251 2426 quo
1266 2351 1330 2404 tra-

222 2450 317 2516 hitur.
362 2452 548 2518 Posteriores
563 2475 643 2532 vero,
660 2454 733 2539 quia
750 2462 880 2538 possunt
895 2453 953 2517 sibi
968 2453 1043 2539 ipsis
1058 2473 1226 2537 proponere
1247 2450 1328 2515 bona

221 2561 416 2645 particularia
430 2572 462 2628 ct
477 2563 575 2628 facere
590 2586 622 2628 se
637 2564 751 2629 moveri
772 2564 811 2628 ab
830 2563 915 2649 ipsis,
934 2585 999 2628 non
1017 2564 1061 2627 ita
1080 2563 1212 2628 subsunt
1226 2562 1326 2646 provi·

221 2672 333 2739 dentiae
347 2682 378 2738 et
393 2675 608 2759 gubernationi
623 2676 742 2756 divinae,
757 2684 794 2740 ut
806 2677 869 2741 sint
879 2676 945 2741 sine
958 2675 1151 2762 providentia
1164 2684 1196 2739 et
1211 2673 1326 2758 guber-

220 2784 345 2850 natione
359 2786 498 2872 propria:
521 2787 576 2850 sed
597 2788 769 2872 procedunt
785 2787 878 2852 simul
892 2787 932 2852 ad
951 2788 1044 2852 finem
1064 2787 1101 2852 ad
1117 2809 1210 2871 quem
1226 2808 1244 2850 a
1257 2785 1326 2848 Deo

221 2895 400 2980 diriguntur
421 2906 453 2962 et
473 2898 513 2963 ad
534 2899 628 2963 finem
650 2898 690 2964 ad
712 2921 804 2984 quem
827 2899 942 2984 scipsas
957 2898 1107 2984 dirigrmt,
1122 2920 1186 2962 non
1201 2897 1324 2982 quidem

220 3007 308 3091 quasi
321 3007 470 3072 habentes
486 3008 563 3074 duas
578 3009 712 3074 actuales
728 3009 921 3090 directiones,
936 3010 1019 3095 quod
1034 3018 1113 3077 esset
1128 3007 1326 3093 impossibile,

219 3117 272 3180 sed
290 3119 378 3203 quasi
399 3128 560 3205 sequentes
583 3119 782 3186 directionem
803 3120 1015 3186 resrrltantem.
1062 3120 1145 3184 Hinc
1170 3126 1217 3183 est
1240 3117 1323 3204 quod

218 3227 266 3293 hae
280 3240 425 3295 creaturae
439 3253 502 3296 uon
518 3255 638 3317 semper
652 3241 735 3298 recta
750 3232 789 3297 ad
803 3233 907 3297 Deum
915 3232 1045 3297 tendant
1057 3258 1065 3296 r
1087 3232 1168 3295 sicut
1182 3230 1322 3315 planeta,

216 3339 288 3406 licet
299 3343 459 3409 efficaciter
466 3343 626 3408 trahantur
641 3366 659 3409 a
674 3344 747 3423 sole,
763 3367 827 3409 non
838 3353 942 3409 tamen
951 3353 1022 3410 actu
1033 3343 1322 3429 sequunturlineam

217 3453 386 3518 secundum
400 3477 494 3539 quam
510 3456 686 3534 trahuntur,
702 3455 757 3521 sed
771 3455 871 3535 aliam,
886 3465 1011 3542 propter
1024 3455 1214 3521 velocitatem
1229 3476 1321 3539 quam

216 3562 331 3629 habent
347 3565 515 3631 secundum
530 3575 713 3651 tangentem
729 3589 791 3632 suae
805 3567 921 3633 orbitae.
969 3567 1115 3631 Similiter
1129 3568 1222 3631 homo
1239 3566 1321 3643 licet,

216 3674 344 3740 interra
359 3677 556 3757 constitutus,
568 3700 640 3743 cum
655 3687 736 3742 terra
751 3679 888 3763 rapiatur
902 3688 988 3742 motu
1004 3678 1138 3763 generali
1150 3687 1247 3756 temae,
1256 3699 1320 3740 non

216 3794 320 3853 tamen
340 3789 508 3874 impeditur
530 3790 695 3874 quominus
720 3799 809 3854 motu
834 3813 891 3854 suo
912 3791 1037 3876 proprio
1058 3790 1194 3854 ambulet
1216 3812 1321 3855 versus

215 3899 364 3964 orientem
379 3900 426 3965 vel
442 3901 650 3966 occidentem:
673 3911 705 3966 et
722 3902 815 3966 homo
832 3902 902 3967 navi
917 3910 1021 3967 vectus
1041 3909 1143 3986 potest
1165 3901 1320 3966 ambulare

215 4011 248 4074 in
264 4011 461 4076 directionem
476 4014 575 4077 motui
590 4013 675 4078 navis
691 4014 883 4078 contrariam.
929 4014 1077 4077 Attamen
1096 4012 1168 4077 licet
1190 4013 1320 4098 planetae

214 4122 254 4185 ob
263 4122 375 4187 dictam
385 4124 534 4188 rationem
543 4146 606 4188 non
616 4134 703 4208 ,recta
717 4125 846 4189 tendant
861 4125 900 4189 ad
915 4125 1020 4204 solem,
1036 4147 1054 4188 a
1068 4146 1130 4208 quo
1144 4125 1320 4205 trahuntur,

214 4243 365 4317 reguntur
387 4234 588 4298 nihilominus
603 4236 722 4300 actione
738 4235 837 4314 solari,
853 4258 922 4321 quae
939 4245 1040 4300 toturn
1064 4258 1153 4299 suum
1178 4237 1318 4302 effectum

215 4343 334 4410 obtinet
349 4346 545 4431 impediendo
560 4369 599 4410 ne
614 4369 668 4431 per
682 4355 860 4432 tangentem
872 4349 1014 4413 effluant:
1039 4358 1068 4412 et
1079 4348 1218 4414 similiter
1228 4350 1320 4413 homo

1089 4468 1145 4528 u2
