3212 4986
211 401 280 446 (rur.
297 384 336 466 1.]
698 409 739 450 nu
757 409 832 453 uno.
1270 393 1311 454 19

210 571 357 651 entitatis,
373 573 512 656 cogimur
526 576 686 640 ascendere
701 599 737 640 ex
759 578 849 642 rebus
863 577 959 643 finitis
974 579 1012 643 od
1028 579 1130 644 Deum
1149 601 1202 663 per
1216 599 1310 661 nega·

211 681 326 745 tionem
338 683 403 747 eius
418 685 599 767 negationis,
612 710 673 771 qua
686 711 735 752 res
749 689 843 752 finitae
858 691 1041 754 afficiuntur.
1087 689 1192 766 Quum
1208 697 1308 753 autem

210 795 387 877 negationes
412 819 479 880 quae
503 807 576 860 sunt
598 797 629 862 in
654 800 744 863 rebus
766 800 860 864 finitis
883 801 1014 866 habeant
1036 803 1185 866 rationem
1208 801 1254 865 sui
1276 801 1310 864 in

131 996 135 1000 .
211 905 412 990 dependentia
441 908 551 973 harum
581 933 682 974 rerum
712 911 751 975 ab
781 912 850 990 alio,
874 922 968 996 patet,
995 936 1045 977 eas
1073 913 1193 977 excludi
1221 935 1310 998 posse

209 1018 351 1101 negando
376 1020 478 1083 Deum
504 1043 568 1084 esse
592 1022 630 1085 ab
652 1021 721 1100 alio,
737 1031 768 1086 et
794 1022 922 1087 dicendo
944 1024 1045 1087 Deum
1069 1046 1134 1087 esse
1156 1045 1207 1087 ena
1228 1045 1247 1086 o
1268 1045 1308 1086 se.

211 1126 313 1203 Quare
327 1131 413 1194 notio
428 1132 507 1195 entis
522 1155 540 1195 a
563 1123 594 1196 se
609 1155 672 1196 non
687 1135 733 1196 ‘est
751 1134 836 1197 notio
851 1134 1005 1218 complexa
1027 1134 1183 1211 obiective,
1200 1133 1253 1198 sed
1273 1155 1310 1196 ex

210 1250 296 1322 parte
315 1243 413 1305 nostri
428 1243 557 1307 subiecti
575 1252 707 1323 tantum,
722 1254 873 1328 quatenus
888 1244 1061 1308 intellectus
1081 1254 1194 1323 noster,
1209 1242 1310 1327 quiin

211 1373 265 1414 sua
279 1353 403 1417 notione
426 1357 505 1418 entis
520 1377 583 1418 non
605 1355 696 1419 habet
711 1365 811 1419 totum
834 1355 917 1440 quod
932 1378 986 1420 ens
1006 1354 1246 1441 comprehendit,
1261 1354 1310 1418 in-

211 1461 294 1545 diget
309 1485 363 1526 ens
383 1464 441 1528 sibi
456 1466 614 1549 cognitum
636 1467 861 1551 quodammodo
882 1467 1027 1552 ampliare
1048 1478 1079 1530 et
1094 1465 1255 1530 extendere
1277 1465 1310 1527 in

211 1572 377 1654 infinitum,
400 1586 436 1640 ut
462 1578 504 1640 sic
530 1578 615 1642 notio
644 1580 725 1642 eutis
752 1580 806 1642 fiat
831 1601 923 1664 capax
948 1577 1153 1663 respondendi
1182 1576 1309 1654 obiecto,

212 1707 263 1749 seu
279 1686 358 1750 Deo.
401 1688 461 1752 Sed
482 1689 507 1752 si
527 1690 597 1773 quis
614 1690 739 1753 haberet
761 1690 950 1776 adaequatam
974 1690 1130 1754 notionem
1150 1687 1317 1773 positivam

210 1797 289 1860 entis
304 1799 472 1863 secundum
501 1823 592 1864 omne
621 1801 703 1885 quod
732 1823 787 1865 ens
815 1801 961 1865 obiective
990 1800 1231 1886 comprehendit,
1259 1799 1310 1862 ille

210 1909 301 1972 unico
316 1910 461 1975 vocabulo
476 1921 578 1994 posset
592 1913 695 1976 Deum
718 1911 843 1976 definire
857 1913 933 1991 Eas,
949 1910 1149 1994 intelligendo
1167 1933 1217 1973 eras
1231 1909 1309 1973 adae·

211 2028 302 2104 quate
330 2022 497 2086 seeundum
524 2023 679 2087 notionem
707 2022 983 2107 comprehensivam
1010 2045 1102 2108 quam
1126 2021 1251 2086 heberet
1273 2019 1311 2084 de

210 2140 290 2194 ente.
335 2133 377 2196 Et
398 2157 452 2219 per
472 2134 536 2198 haec
556 2144 662 2219 patent
682 2134 761 2198 duo:
784 2135 884 2219 primo
903 2134 1060 2198 notionem
1075 2135 1150 2198 eatis
1164 2155 1184 2196 a
1197 2155 1229 2196 oe
1245 2154 1311 2195 esse

210 2241 356 2307 obiective
382 2245 655 2328 simplicissimam:
679 2246 812 2310 secundo
841 2244 1010 2329 ontologos‚
1034 2243 1089 2329 qui
1118 2243 1311 2307 confundunt

210 2355 367 2418 notionem
393 2354 452 2448 Dei
475 2379 544 2420 cum
566 2357 690 2421 notione
715 2359 791 2420 eutis
812 2358 981 2440 simpliciter
1002 2355 1034 2418 in
1056 2354 1132 2418 falso
1153 2353 1310 2437 supposito

211 2464 278 2541 niti,
294 2465 443 2546 videlieet,
459 2466 542 2551 quod
565 2468 649 2532 notio
664 2467 728 2531 haec
748 2467 846 2551 qualis
862 2475 907 2531 est
929 2467 961 2530 in
981 2466 1156 2529 hominibus
1172 2464 1212 2528 sit
1234 2487 1309 2527 com-

206 2578 378 2659 prehensiva
392 2577 486 2641 totius
504 2578 593 2658 entis,
609 2600 704 2663 quum
720 2599 783 2642 non
804 2578 917 2642 sitnisi
936 2580 1084 2642 crucior
1098 2577 1137 2640 ad
1152 2574 1310 2660 quodlibet

210 2709 273 2764 ens,
286 2696 316 2750 et
330 2697 417 2752 tanto
428 2689 531 2752 minus
542 2689 799 2773 comprehensiva,
809 2695 925 2774 quanto
936 2688 1132 2753 universalior
1146 2696 1177 2751 et
1188 2685 1310 2749 maioris

209 2799 403 2864 extensionis.
447 2800 527 2864 Vide
542 2800 579 2864 de
593 2800 717 2864 homine
732 2821 762 2864 n.
781 2804 855 2879 106,
868 2803 941 2866 107.
1198 2797 1200 2802 ’

255 2913 306 2974 19.
329 2911 394 2975 Ens
418 2933 436 2976 a
458 2933 489 2976 se
515 2920 562 2976 est
583 2935 638 2976 ens
663 2913 854 2976 necessarium
879 2910 1019 2975 absoluta
1041 2910 1230 2974 necessitate.
1276 2907 1310 2971 Si

209 3020 278 3104 quis
300 3021 382 3085 enim
396 3021 494 3105 fingat
509 3043 596 3086 ensa
619 3043 651 3086 se
665 3043 728 3086 non
743 3044 808 3086 esse
823 3022 1035 3100 necessarium,
1051 3029 1178 3105 cogetur
1200 3019 1308 3099 dicere,

209 3155 264 3197 ens
286 3155 304 3196 a
330 3155 362 3196 se
384 3154 471 3218 posse
494 3132 633 3197 absolute
654 3155 718 3196 non
744 3155 819 3210 esse,
842 3155 937 3216 quum
961 3142 1076 3211 tamen,
1092 3140 1200 3216 utpote
1225 3153 1307 3210 ase,

209 3244 319 3308 habeat
334 3244 367 3307 in
383 3265 415 3307 se
436 3244 584 3308 rationem
601 3244 649 3307 sui
671 3265 745 3308 esse.
792 3244 861 3308 Hoc
875 3265 946 3308 vero
960 3253 1006 3307 est
1029 3242 1307 3307 contradictorium.

209 3355 291 3418 Nam
306 3354 418 3418 habere
432 3354 466 3418 in
488 3377 520 3418 se
534 3355 683 3419 rationem
698 3355 746 3418 sui
760 3377 835 3434 esse,
851 3363 898 3420 est
919 3355 1031 3419 habere
1044 3355 1087 3433 id,
1103 3377 1164 3440 quo
1179 3353 1309 3418 habetur

209 3489 274 3531 esse
284 3493 293 3546 3
317 3467 483 3550 praesertim
507 3489 602 3552 quum
617 3466 695 3531 ratio
713 3467 833 3531 essendi
856 3471 896 3530 sit
911 3467 1012 3551 ipsum
1035 3489 1110 3530 esse.
1155 3467 1239 3550 Ergo
1253 3489 1308 3531 ens

208 3601 226 3642 a
242 3587 318 3643 sect
334 3601 388 3642 ens
402 3579 604 3643 necessarium
620 3565 693 3643 sunt
708 3601 805 3642 unum
820 3587 851 3642 et
865 3577 957 3643 idem.

251 3691 304 3754 20.
327 3689 422 3753 Ense
436 3711 468 3754 se
483 3697 530 3753 est
544 3711 599 3753 ens
613 3689 751 3754 absolute
765 3691 963 3774 independens.
1008 3691 1090 3754 Nam
1105 3690 1182 3755 ratio
1196 3691 1276 3754 entis
1291 3714 1309 3754 a

209 3822 241 3864 se
256 3801 350 3864 estin
365 3799 431 3884 ipso
446 3809 525 3879 ente,
535 3801 630 3864 immo
645 3810 692 3864 est
706 3801 806 3885 ipsum
819 3823 883 3865 ens.
928 3802 1012 3885 llrgo
1025 3823 1088 3865 non
1104 3800 1254 3884 dependet
1270 3802 1308 3865 ab

190 3981 192 3986 ,
208 3911 310 3996 aliquo
325 3911 405 3975 circa
418 3935 492 3976 esse.
537 3912 643 3989 Quum
658 3921 760 3976 autem
776 3920 876 3976 toturn
892 3912 975 3997 quod
990 3921 1036 3976 est
1050 3913 1083 3975 in
1098 3919 1169 3976 ente
1183 3910 1223 3975 sit
1238 3935 1308 3992 esse,

209 4022 356 4106 sequitur,
377 4045 431 4086 ens
457 4045 474 4086 a
496 4045 528 4087 se
554 4044 618 4087 esse
640 4045 765 4108 prorsus
789 4023 1009 4107 independens.
1054 4024 1181 4088 Frustra
1206 4032 1308 4088 autem

209 4132 399 4212 obiiceretur,
410 4135 493 4218 quod
507 4156 561 4197 ens
575 4156 594 4197 a
610 4155 641 4198 se
653 4133 821 4217 dependeat
837 4158 854 4198 a
869 4157 901 4198 se
912 4135 979 4219 ipso
987 4161 997 4213 3
1020 4157 1092 4198 nam
1108 4135 1311 4219 dependentia

209 4253 256 4308 est
269 4244 385 4323 relatio,
399 4254 429 4309 et
441 4245 547 4309 relatio
562 4245 655 4329 exigit
666 4244 742 4310 duos
757 4246 904 4310 terminos
916 4247 1086 4311 distinctos.
1131 4247 1196 4310 Euo
1207 4257 1310 4314 autem

210 4379 228 4418 a
242 4378 274 4419 se
288 4377 352 4419 non
367 4356 568 4439 distinguitur
582 4380 600 4420 a
615 4357 722 4440 seipso.

1082 4472 1136 4532 02
