3222 4984
264 355 332 418 208
704 373 747 418 nn
764 373 930 418 rnrrnrro.
1241 350 1327 436 [cur.
1345 370 1370 414 r.

263 561 375 625 nempe
397 547 498 604 totum
523 538 555 603 id
581 539 665 625 quod
687 539 928 626 apprehenditur
950 559 1016 602 esse
1040 536 1073 601 in
1096 536 1258 622 potentia),
1272 536 1320 602 vel
1342 537 1368 600 si

264 652 419 717 tribuatur
432 651 554 718 infinito
562 651 825 737 categorematico‚
835 649 1011 735 accipienda
1020 650 1078 714 erit
1088 658 1246 734 tamquam
1262 648 1367 713 defini-

263 762 307 828 tio
322 786 339 828 a
354 763 513 849 posteriori
535 770 566 828 et
588 763 813 849 quodammodo
824 762 1079 848 experimentalis,
1095 771 1264 826 connotaus
1275 760 1368 846 quod,

262 875 316 960 qui
339 873 406 938 vult
438 896 614 940 mensurare
636 873 803 954 infinitum,
826 896 945 958 semper
966 872 1093 938 habebit
1116 873 1174 937 alia
1196 882 1226 937 et
1248 872 1307 937 alis
1329 871 1368 936 ad

266 985 518 1050 mensurandum.

311 1097 372 1162 Sed
386 1097 437 1162 hic
452 1098 563 1162 modus
577 1097 769 1182 concipiendi
783 1097 941 1161 infinitum
951 1105 998 1161 est
1006 1095 1212 1182 imperfectus,
1221 1097 1294 1182 quia
1301 1096 1368 1160 infi-

263 1207 366 1272 nitum
380 1207 668 1294 cetegorematicum
686 1216 883 1293 repraesentet
901 1209 940 1273 ad
960 1207 1087 1272 modum
1108 1222 1369 1294 syncategorema-

264 1320 335 1385 tici:
349 1321 446 1384 immo
460 1320 520 1384 dici
534 1328 647 1404 potest,
662 1319 720 1384 hoc
731 1319 823 1384 modo
837 1331 901 1384 non
916 1320 1035 1404 concipi
1049 1319 1216 1402 infinitum,
1232 1320 1286 1384 sed
1299 1319 1368 1384 fini·

262 1439 331 1497 tum
339 1458 350 1510 3
374 1432 446 1516 qnia
459 1430 543 1516 quod
558 1431 729 1516 concipitur
743 1429 884 1516 positive,
899 1429 1105 1515 aliquomodo
1119 1439 1324 1509 mensuratur,
1338 1437 1369 1494 et

264 1542 348 1628 quod
363 1550 500 1626 superest
514 1541 719 1606 mensurabile
733 1548 781 1606 est
791 1540 958 1606 infinitum.
993 1542 1078 1606 Hinc
1089 1541 1121 1607 S.
1131 1542 1264 1607 Thomas
1277 1547 1322 1627 (p.
1339 1545 1368 1605 1.

265 1674 295 1736 q.
308 1653 360 1715 14.
370 1673 399 1715 a.
409 1652 462 1734 12)
479 1673 657 1735 capreosam,
669 1650 782 1736 inquit,
793 1651 943 1736 infinitum
953 1654 1110 1716 secundnm
1124 1653 1239 1717 niodum
1249 1652 1369 1737 infiniti,

266 1771 310 1828 est
324 1784 493 1846 copcoscere
500 1771 620 1847 partem
628 1771 700 1846 post
710 1771 831 1844 partem
838 1789 850 1837 ,·
874 1772 905 1827 et
917 1765 962 1828 sic
974 1764 1054 1828 nullo
1069 1765 1152 1828 modo
1167 1766 1310 1848 coctinpit
1323 1787 1370 1828 co-

259 1873 644 1962 pnoscereiaflcitam,quia
655 1885 889 1960 quantacumque
899 1877 1188 1960 quantitasportinm
1199 1879 1369 1961 accipiatur,

262 2010 374 2072 seraper
386 1995 517 2051 resonet
531 1987 646 2072 aliquid
654 1996 739 2051 estro
753 1989 964 2068 accipiendam.
1009 1986 1130 2052 Deinde
1150 1987 1256 2053 addit:
1287 1990 1370 2052 Deus

263 2109 359 2165 autern
374 2122 432 2164 aon
448 2103 492 2163 sic
514 2101 663 2184 copaoscr't
689 2098 840 2185 infinitam
865 2100 913 2164 vel
932 2099 1063 2186 infinita,
1078 2103 1164 2184 quasi
1178 2102 1369 2165 warumundo

258 2220 378 2296 partem
388 2218 460 2294 post
476 2219 605 2295 partem,
623 2232 711 2293 quam
734 2219 889 2294 copaoscat
904 2213 1002 2274 omnic
1015 2211 1113 2291 mmai,
1129 2234 1188 2275 non
1202 2214 1367 2276 moesias.

265 2322 307 2387 Et
322 2321 460 2386 similiter
474 2320 648 2385 intellectus
662 2321 827 2400 humanus,
840 2321 866 2384 si
881 2319 989 2386 debeat
1004 2342 1187 2405 cognoscere
1201 2322 1367 2402 infinitum,

265 2455 329 2498 non
350 2432 439 2498 debet
453 2453 635 2516 cognoscere
653 2440 773 2516 partem
787 2440 858 2517 post
872 2442 1002 2517 partem,
1018 2433 1071 2497 sed
1086 2440 1186 2497 totum
1202 2432 1313 2498 simul:
1337 2443 1368 2498 et

264 2565 361 2631 quum
381 2545 467 2608 Deus
482 2552 645 2628 cognoscat
664 2551 766 2608 totum
781 2543 873 2608 simul
892 2546 1020 2628 positive
1034 2546 1170 2608 intuendo
1192 2553 1294 2624 totam,
1309 2545 1367 2614 hu·

266 2678 376 2720 manus
392 2654 565 2719 intellectus
580 2653 737 2738 cognoscit
752 2662 852 2717 totum
868 2653 961 2718 simul
983 2657 1125 2739 sepetire,
1140 2676 1196 2739 per
1209 2655 1367 2720 formalem

265 2767 372 2832 limitis
381 2766 586 2850 negationem,
596 2764 685 2830 idest
699 2787 757 2828 non
771 2765 957 2828 discurrendo
966 2788 1023 2849 per
1030 2765 1156 2850 sicpnhr,
1165 2766 1256 2829 sedin
1269 2766 1367 2850 aliquo

266 2901 335 2957 uno,
350 2884 387 2941 ut
401 2876 443 2941 ait
467 2875 499 2941 S.
515 2876 648 2940 Thomas
667 2876 710 2960 (p.
725 2877 756 2938 3.
779 2896 810 2959 q.
828 2877 879 2939 10.
903 2897 931 2940 a.
954 2876 1001 2956 3).
1048 2873 1110 2938 Hic
1132 2883 1236 2939 autem
1259 2876 1368 2940 modus

265 2988 469 3073 cognoscendi
483 2987 641 3051 infinitum
656 2986 794 3051 exhaurit
809 2986 896 3066 illud,
911 2987 956 3050 ita
976 2995 1090 3050 utnon
1106 2987 1237 3072 supersit
1252 2987 1367 3073 aliquid

265 3099 331 3164 eius
345 3106 447 3162 extra:
463 3105 495 3161 et
505 3096 573 3161 ideo
583 3095 720 3161 definitio
733 3095 907 3160 Aristotelis
917 3105 964 3160 est
975 3096 1153 3181 imperfecta
1166 3097 1200 3160 in
1215 3106 1364 3182 quantum

265 3231 328 3273 non
343 3207 484 3292 exprimit
497 3208 599 3292 ipsum
615 3215 794 3291 conceptum
811 3205 994 3271 obiectivum
1006 3206 1119 3271 infiniti
1134 3217 1227 3291 prout
1241 3209 1273 3272 in
1288 3231 1365 3292 puro

265 3319 423 3386 intellectu
435 3330 491 3383 est.

310 3434 362 3498 17.
387 3429 544 3508 Quaeritur
557 3429 729 3508 undecimo,
745 3437 844 3493 atram
859 3429 1007 3514 infinitum
1030 3433 1069 3494 sit
1095 3431 1128 3494 id
1149 3432 1232 3514 quod
1251 3433 1363 3497 eacedit

265 3566 376 3610 omnem
390 3565 562 3608 mensarum.

308 3654 490 3740 Respondeo
516 3653 702 3733 affirmative,
724 3653 831 3718 saltem
858 3653 883 3716 si
908 3661 1016 3736 agatur
1043 3653 1080 3717 de
1103 3676 1246 3718 mensura
1267 3655 1363 3719 finita.

264 3769 347 3836 Nam
362 3766 513 3852 quidquid
528 3774 733 3845 mensuratur,
756 3764 847 3830 debet
861 3764 972 3828 habere
986 3764 1110 3829 initium
1125 3776 1156 3829 et
1171 3766 1263 3830 finem
1279 3788 1364 3830 men-

265 3879 439 3946 surationis.
502 3877 563 3943 Sed
587 3879 660 3963 quia
682 3879 817 3943 accedere
835 3899 998 3941 mensuram
1018 3876 1100 3941 idem
1124 3886 1171 3941 est
1195 3899 1229 3942 sc
1255 3877 1365 3944 habere

265 3991 381 4077 aliquid
403 3999 496 4070 extra,
512 3989 581 4054 ideo
607 3990 679 4055 huic
705 3989 875 4054 definitioni
900 3989 1005 4054 eadem
1031 3988 1121 4053 obiici
1141 4003 1271 4074 possunt
1297 3981 1365 4074 quae

263 4111 370 4168 contre
391 4101 612 4187 praecedentem
636 4100 754 4165 obiecta
785 4109 867 4164 sunt.
914 4099 1054 4184 Utraque
1083 4109 1186 4164 autem
1216 4100 1363 4180 definitio,

262 4213 401 4298 quumvis
422 4234 485 4277 non
508 4212 647 4277 'exhibeat
668 4211 824 4276 infinitum
847 4211 993 4276 actunisi
1009 4211 1066 4276 sub
1081 4213 1179 4276 forma
1194 4212 1309 4277 infiniti
1331 4214 1364 4276 in

261 4323 407 4409 potentia,
422 4323 531 4387 tribuit
557 4331 660 4388 tamen
683 4322 804 4387 infinito
823 4321 986 4412 praedicata
1011 4323 1212 4406 congruentia
1233 4346 1302 4389 curn
1326 4347 1362 4388 eo
