3240 4986
240 369 310 415 aar.
329 349 369 434 a]
549 369 592 414 nn
609 367 755 413 sarrana
772 368 831 412 ιιι
847 367 884 412 ιι
902 367 1033 413 nunno.
1282 345 1346 409 143

282 535 316 598 4.
340 531 497 609 Quaeritur
511 532 602 598 tertio
616 534 741 616 quidest
756 535 946 599 conservatio.

285 645 480 731 Respondao,
495 645 754 710 conservationem
777 666 814 710 ex
839 652 926 730 parte
946 643 1007 710 Dei
1031 643 1113 709 idem
1135 666 1259 730 prorsus
1281 666 1347 709 esse
1439 701 1444 708 .

241 757 362 823 realiter
376 779 411 822 ac
422 755 617 821 materialiter
632 763 724 841 atquc
739 755 931 836 creationem,
942 756 996 820 sad
1010 755 1122 821 habere
1131 755 1345 820 formalitatcm

241 867 408 954 quamdam
422 866 659 951 superadditam.
705 866 798 944 Quod
808 865 896 931 facile
910 866 1100 952 intelligetur
1114 857 1345 946 notando,'con-

242 978 444 1044 servationem
462 976 531 1042 ideo
552 975 680 1062 cogitari
702 999 721 1041 a
741 976 831 1042 nobis
847 985 1042 1062 tamquama
1063 977 1215 1043 creatione
1237 976 1346 1042 distin·

242 1099 333 1170 ctam,
349 1089 422 1176 quia
442 1088 669 1155 consideramus
692 1097 846 1154 creaturas
869 1098 906 1155 ut
925 1090 1089 1156 existentes
1114 1089 1147 1154 in
1171 1089 1346 1154 successivis

242 1201 389 1287 temporis
407 1200 497 1266 realis
512 1200 691 1266 differentiis
705 1209 737 1265 et
757 1200 814 1267 sub
830 1200 984 1267 distinctis
1006 1200 1216 1267 affectionibus
1230 1224 1299 1287 qua
1314 1224 1345 1266 sc

242 1323 352 1380 mutuo
369 1314 555 1380 excludunt:
577 1323 609 1379 et
624 1312 692 1379 ideo
715 1314 912 1394 conservatio,
928 1314 1007 1380 sicut
1026 1337 1045 1379 a
1061 1314 1151 1380 nobis
1165 1313 1345 1399 concipitur,

240 1434 385 1492 connotat
410 1424 647 1494 continuitatem
669 1433 700 1489 et
724 1403 955 1490 successionem.
1000 1425 1148 1490 Attamen
1173 1425 1345 1508 mndeitae

241 1537 482 1622 uniuscuiusque
504 1543 648 1602 creaturae
662 1544 698 1600 ut
713 1536 766 1616 sic,
782 1544 829 1600 est
850 1536 884 1601 in
898 1557 932 1601 re
952 1536 1050 1615 nnnc,
1065 1541 1102 1600 ut
1123 1535 1198 1600 alibi
1212 1535 1344 1601 vidimus

244 1649 294 1733 (de
317 1649 415 1714 tribus
438 1647 602 1728 continuis,
617 1670 650 1712 n.
664 1650 718 1728 44,
734 1647 771 1712 dc
788 1647 1007 1726 accidentibus,
1022 1671 1054 1714 n.
1072 1650 1091 1712 5
1107 1656 1139 1712 et
1153 1648 1221 1732 40),
1236 1669 1293 1716 nec
1307 1648 1344 1712 fit

243 1759 403 1846 multiplex
422 1759 483 1824 nisi
497 1759 530 1824 in
552 1758 670 1824 ratione
684 1759 805 1824 essendi
827 1758 1062 1839 accidentaliter,
1078 1758 1246 1825 secundum
1265 1759 1346 1823 hanc

242 1873 325 1937 enim
347 1870 607 1956 multiplicitatem
632 1871 847 1956 concipiuntur
871 1869 1051 1936 differentia
1075 1879 1260 1956 temporum,
1275 1893 1345 1956 quae

241 1992 402 2070 propterca
426 2005 491 2048 non
516 1982 671 2067 pertinent
696 1981 735 2047 ad
759 1982 963 2049 substantiam
988 1990 1025 2046 ut
1050 1981 1103 2061 sic,
1128 1982 1182 2047 sad
1207 1982 1247 2047 ad
1272 1982 1345 2047 sub·

242 2095 387 2161 stantiam
401 2103 438 2159 ut
452 2095 486 2158 in
500 2093 670 2159 mutatione
684 2093 864 2159 accidentali
878 2094 1024 2159 continua
1037 2095 1228 2159 existentem.
1264 2095 1345 2160 Prae-

241 2206 409 2274 scindendo
430 2205 527 2290 igitur
545 2229 564 2270 a
582 2205 718 2270 motibus
739 2205 788 2270 his
813 2204 1061 2284 accidentalibus,
1076 2204 1163 2268 nulla
1183 2204 1346 2270 haberetur

240 2319 275 2383 in
288 2319 356 2404 ipsa
370 2317 550 2396 substantia,
566 2325 602 2380 ιιι
617 2317 669 2396 sic,
685 2315 828 2403 prioritas
842 2324 896 2382 aut
910 2315 1136 2401 posterioritas:
1158 2323 1189 2381 et
1204 2316 1246 2396 id,
1262 2317 1345 2402 quod

243 2430 373 2496 dicimus
388 2430 633 2496 continuationem
648 2429 769 2508 nandi,
784 2427 832 2493 vel
854 2428 1047 2494 durationem
1063 2427 1273 2508 successivam,
1289 2449 1345 2512 pro

242 2540 414 2605 substantia
435 2548 471 2604 nt
487 2540 530 2605 sic
547 2540 742 2605 reduceretur
764 2538 803 2604 ad
817 2540 988 2624 simpliciter
1009 2561 1080 2618 cese,
1096 2540 1171 2624 quin
1193 2548 1296 2624 posset
1312 2539 1346 2604 in

242 2651 299 2716 hac
313 2651 381 2738 ipsa
394 2650 515 2716 essendi
529 2649 647 2715 ratione
668 2649 797 2734 cogitari
811 2649 928 2735 aliquid
949 2649 1117 2716 successive
1132 2650 1264 2730 durans,
1286 2650 1344 2716 im-

242 2762 395 2848 possibilis
410 2763 493 2826 enirn
508 2770 554 2826 est
570 2761 718 2827 successio
733 2761 799 2826 sina
813 2771 912 2828 motu.

288 2874 347 2938 His
361 2872 395 2937 in
410 2881 546 2938 mentem
561 2871 716 2952 revocatis,
729 2871 986 2938 considerandum
1000 2879 1057 2952 est,
1068 2875 1172 2938 actam
1186 2893 1247 2958 quo
1258 2873 1345 2938 Deus

243 2984 430 3050 snbstantias
445 2992 560 3050 creatas
575 2991 741 3063 conservat,
756 2983 878 3068 proprie
892 2983 933 3048 ad
954 2983 1141 3050 substantias
1155 2985 1237 3070 ipsas
1251 2994 1287 3050 ut
1302 2987 1346 3051 ric

242 3095 409 3176 terminari,
435 3096 521 3161 nulla
545 3096 650 3161 habita
678 3095 797 3160 ratione
819 3102 972 3176 motuum,
998 3117 1054 3180 per
1077 3118 1154 3182 quos
1179 3119 1245 3162 esre
1274 3097 1346 3162 eub-

241 3207 362 3272 stantiae
376 3207 412 3280 fir
432 3205 657 3272 accidentaliter
679 3206 892 3271 successivum.
938 3206 1013 3272 Ideo
1027 3207 1109 3272 anim
1130 3215 1162 3272 et
1175 3207 1346 3274 intantum

241 3328 387 3384 menturae
397 3317 539 3402 indigent
554 3319 734 3397 conservari,
746 3318 818 3403 quia
832 3317 907 3382 etin
921 3327 1072 3403 quantum
1084 3329 1265 3404 acceperunt
1280 3344 1346 3391 esse

242 3432 339 3495 aDeo
348 3452 404 3515 per
419 3429 620 3496 creationem:
643 3429 701 3494 boc
712 3439 816 3494 autem
827 3451 893 3494 esse
907 3437 954 3494 est
969 3452 1034 3495 asse
1043 3430 1267 3496 substantirent
1282 3434 1344 3513 sic;

227 3563 317 3626 ergo
339 3540 430 3605 etiam
446 3540 632 3606 conservatio
654 3540 836 3606 terminatur
853 3540 892 3606 ad
910 3540 1111 3606 substantiam
1127 3551 1163 3609 ut
1185 3543 1239 3611 sic.
1284 3545 1346 3610 Sed

243 3653 414 3718 substantia
428 3661 465 3717 ut
479 3651 523 3718 sic
536 3653 708 3733 simpliciter
721 3652 813 3718 estin
828 3673 870 3729 se,
885 3674 942 3717 nec
960 3652 1033 3718 dicit
1048 3653 1180 3740 aliquam
1197 3655 1345 3722 actualem

243 3764 474 3843 successionem,
498 3763 553 3828 sed
575 3771 697 3828 tantum
722 3763 891 3848 potentiam
914 3773 1066 3846 motuum,
1089 3788 1108 3831 a
1133 3766 1245 3852 quibus
1269 3770 1346 3833 acci·

243 3874 406 3940 dentaliter
420 3874 588 3939 successiva
600 3874 815 3939 denominetur
823 3901 833 3954 3
856 3897 930 3960 ergo
945 3876 1132 3941 conservatio
1147 3876 1185 3942 de
1200 3901 1232 3943 se
1241 3882 1344 3945 termi-

242 3995 335 4051 natur
354 3985 393 4051 ad
410 3987 583 4070 simpliciter
604 4008 675 4067 csse,
691 4008 754 4051 non
775 3995 878 4052 autem
898 3987 937 4052 ad
960 4010 1025 4052 esse
1043 3987 1210 4054 formaliter
1228 4013 1347 4057 succes·

241 4098 351 4162 sivum.
397 4097 504 4174 Quum
519 4105 622 4162 autem
637 4105 724 4162 actus
747 4098 907 4163 creationis
922 4099 1102 4165 terminetur
1120 4101 1160 4166 ad
1175 4105 1347 4188 ιίηψὶἑιίιιν

242 4231 314 4289 esse,
329 4216 414 4295 patet
434 4207 553 4274 nullam
567 4231 634 4273 essa
648 4232 684 4298 ex
704 4218 790 4294 parte
804 4209 865 4274 Dei
883 4209 1110 4278 distinctionem
1130 4213 1211 4279 inter
1225 4237 1345 4282 conser-

242 4320 394 4386 vationem
410 4329 442 4386 et
456 4322 648 4386 creationem.
