3222 4984
216 353 285 398 ear.
303 333 373 418 rm]
533 352 575 394 rur
592 349 736 394 accrour
753 348 811 392 mar
828 347 866 390 m
883 343 1019 390 murno.
1263 323 1325 386 189

219 524 428 602 spectantem:
452 514 597 594 secundo,
613 515 685 600 quia
699 537 716 578 a
731 522 818 578 tanto
838 513 929 590 malo,
944 518 1097 597 quantum
1119 518 1166 574 est
1185 509 1326 594 impietas

218 628 422 713 triumphans,
437 649 501 692 non
516 625 681 710 impeditur
696 625 729 690 iu
744 625 958 690 consecutione
973 645 1035 688 suae
1050 623 1162 708 gloriae,
1174 621 1227 687 sed
1248 622 1327 685 eruit

220 763 370 826 magnum
385 740 511 819 bonum,
528 740 590 803 sive
604 739 690 823 impii
705 737 894 822 resipiscant,
911 737 973 801 sive
988 758 1062 801 non.
1108 734 1199 811 Quod
1215 734 1326 798 attinet

220 852 260 917 ad
288 851 440 916 bonorum
468 850 705 935 oppressionem,
730 872 766 913 aa
791 848 927 934 permitti
950 848 1058 932 utique
1081 855 1182 932 potest
1207 869 1225 910 a
1250 846 1327 923 Deo,

221 963 314 1028 etiam
328 963 467 1047 positive,
482 961 514 1025 in
530 971 684 1046 quantum
699 970 745 1026 est
760 960 896 1025 causatio
917 960 989 1024 mali
1009 959 1146 1047 physici:
1168 966 1236 1023 turn
1257 957 1329 1042 quia

222 1073 255 1137 in
267 1072 493 1138 calamitatibus
504 1081 681 1137 exercentur
689 1071 772 1151 boni,
785 1081 815 1136 et
826 1074 920 1137 uirtus
932 1073 963 1135 iu
972 1070 1146 1156 infirmitate
1153 1069 1327 1155 perficitur:

223 1193 292 1248 tum
315 1184 386 1270 quia
402 1183 444 1248 sic
459 1184 633 1267 puniuntur
647 1191 677 1246 et
693 1191 866 1267 purgantur
882 1183 1008 1247 leviores
1024 1181 1131 1266 culpae,
1146 1180 1258 1265 quibus
1273 1179 1329 1243 viri

224 1298 316 1360 etiam
339 1296 412 1360 boni
433 1318 497 1360 non
511 1302 637 1360 vacant:
660 1303 729 1359 tum
751 1295 824 1380 quia
846 1296 1006 1380 praemium
1028 1292 1183 1379 patientiae
1202 1313 1328 1377 propor-

223 1409 376 1474 tionatum
390 1407 499 1471 iisdem
513 1414 645 1471 reservat
660 1415 806 1470 aeternum
819 1415 849 1470 et
861 1406 1085 1471 indefectibilc:
1108 1405 1221 1490 quibus
1232 1403 1330 1469 omni·

225 1521 284 1590 bus
299 1528 423 1584 externa
437 1518 497 1582 Dei
513 1517 610 1601 gloria
625 1518 754 1582 maxime
768 1526 973 1603 promovetur.

269 1633 323 1696 46.
348 1629 503 1708 Quaeritur
526 1651 618 1708 nono,
645 1653 684 1694 uu
702 1631 888 1714 prouidentia
909 1632 1009 1713 possit
1028 1632 1201 1714 permittere
1216 1629 1331 1715 fabum

227 1743 412 1814 miraculum.

271 1853 455 1938 Respondeo
474 1853 669 1919 affirmative:
693 1862 724 1917 et
740 1854 777 1920 de
792 1854 873 1918 facto
888 1854 1027 1939 permisit
1042 1854 1128 1920 Deus
1145 1854 1242 1919 multa
1257 1853 1334 1919 falsa

228 1965 384 2045 miracula,
399 1973 435 2028 ut
455 1987 491 2028 ex
509 1964 636 2049 antiquo
651 1965 847 2029 Testamenta
868 1973 898 2030 et
918 1965 1036 2030 caeteris
1050 1965 1185 2030 historiis
1201 1974 1331 2045 constat,

230 2085 261 2143 et
279 2076 377 2143 multa
398 2075 473 2140 falsa
495 2075 640 2140 miracula
660 2076 818 2159 permittat
837 2075 869 2141 in
885 2075 1075 2160 temporibus
1089 2076 1283 2157 Antichristi,
1299 2085 1334 2140 ut

232 2211 268 2252 ex
284 2188 316 2252 S.
332 2186 451 2266 Paullo,
466 2209 502 2250 cr
516 2186 712 2272 Apocalypsi,
727 2195 758 2254 et
773 2209 810 2252 ex
823 2187 997 2272 Evangeliis
1012 2187 1134 2256 seimus.
1173 2188 1218 2252 Ut
1233 2198 1334 2252 autem

233 2297 411 2363 huiusmodi
433 2298 592 2382 permissio
616 2298 725 2362 divinae
744 2298 941 2382 providentiae
963 2321 1026 2363 uon
1045 2307 1207 2383 repugnet,
1226 2299 1335 2364 sufficit

235 2419 270 2474 ut
296 2432 416 2494 semper
439 2410 570 2494 supersit
596 2410 683 2474 facile
711 2410 857 2491 medinm,
884 2433 946 2497 quo
974 2411 1091 2475 falsitas
1120 2410 1335 2475 miraculorum

235 2522 338 2606 detegi
367 2521 484 2607 possit:
510 2521 568 2585 boc
596 2522 678 2585 enim
709 2522 829 2601 sufficit,
856 2531 892 2586 ut
922 2523 1057 2587 seductio
1086 2545 1121 2588 ea
1150 2545 1338 2608 consequens

235 2633 451 2718 imprudentiae
481 2654 515 2696 ac
544 2633 709 2696 temeritati
734 2633 894 2697 bominum
916 2634 982 2698 iure
1005 2633 1167 2698 tribuatur.
1213 2633 1336 2698 Falsum

236 2753 340 2810 autem
351 2742 541 2822 miraculum,
552 2743 640 2807 cuius
651 2743 767 2808 falsitas
782 2743 820 2808 ab
831 2744 1008 2809 homiuibus
1018 2744 1153 2809 veritatis
1165 2744 1339 2809 amantibus

238 2856 324 2920 nullo
346 2854 466 2920 criterio
489 2854 592 2938 detegi
612 2855 719 2940 possit,
735 2856 842 2940 nequit
861 2878 932 2920 eum
948 2855 1049 2921 divina
1064 2855 1253 2941 providentia
1267 2878 1341 2920 con·¹

238 2966 345 3046 ciliari,
360 2964 538 3050 praesertim,
554 2966 580 3030 si
595 2965 635 3030 ad
649 2967 911 3031 confirmationem
927 2967 1054 3032 alicuius
1076 2969 1185 3032 erroris
1205 2969 1339 3054 proxime

239 3087 293 3143 aut
309 3087 423 3142 remote
438 3077 638 3142 conduceret:
662 3085 692 3142 et
707 3100 761 3162 per
776 3101 808 3142 se
822 3087 915 3163 patet.

282 3193 336 3256 47.
360 3187 661 3269 Quaricur'decimo,
675 3211 715 3252 uu
735 3191 832 3254 diuina
849 3192 1038 3275 prouidentia
1062 3201 1142 3257 stare
1156 3195 1255 3277 possit
1278 3217 1342 3258 cum

240 3305 366 3367 humana
382 3303 515 3367 libertate
530 3310 559 3365 et
567 3303 764 3386 providentia.

284 3413 467 3499 Respondeo
480 3413 665 3478 affirmative.
700 3413 791 3478 Ratio
802 3421 859 3494 est,
871 3415 942 3500 quia
953 3415 1142 3499 providentia
1153 3417 1213 3482 Dei
1224 3418 1342 3484 obtinet
1353 3441 1355 3445 ·

241 3525 366 3611 quidem
389 3523 590 3589 infallibiliter
611 3547 629 3588 a
651 3525 797 3591 creaturis
818 3525 922 3590 liberis
943 3526 976 3590 id
993 3527 1166 3612 quodvult,
1183 3530 1236 3595 sed
1253 3531 1346 3595 insat:

240 3636 366 3702 libilitas
387 3636 480 3700 huius
502 3636 628 3701 effectus
647 3658 712 3700 non
727 3636 821 3721 exigit
836 3659 957 3702 causam
972 3639 1146 3704 necessitati
1155 3665 1165 3719 ς
1188 3642 1346 3726 cognoscit

242 3747 325 3812 enim
333 3747 420 3812 Deus
430 3746 714 3831 infallibiliterquid
724 3747 841 3812 factura
850 3758 930 3814 eset
939 3772 1029 3815 causa
1039 3750 1134 3816 libera
1143 3752 1201 3816 sub
1210 3753 1345 3838 qnalibet

244 3858 419 3924 conditione
434 3858 571 3943 possibili
585 3881 640 3943 per
651 3882 743 3923 usum
756 3881 817 3923 suae
828 3859 998 3940 libertatis3
1023 3863 1133 3927 sufficit
1142 3885 1215 3948 ergo
1229 3864 1347 3929 Deoad

243 3969 475 4055 praevideudum
489 3969 630 4034 effectum
647 3978 682 4034 ut
697 3970 899 4037 infallibiliter
912 3971 1064 4054 futurum,
1077 3973 1103 4038 si
1118 3973 1259 4040 decernat
1273 3974 1347 4060 poni

244 4103 295 4147 aas
310 4080 499 4146 conditiones
514 4081 694 4161 materiales,
707 4081 764 4146 sub
780 4082 892 4167 quibus
908 4083 965 4148 scit
979 4092 1147 4148 creaturam
1158 4085 1283 4151 liberam
1293 4088 1348 4152 tali

246 4193 338 4258 modo
353 4202 499 4258 acturam.
542 4193 584 4256 Et
600 4193 642 4256 sic
657 4201 751 4277 patet,
768 4194 988 4282 providentiam
1005 4195 1138 4260 divinam
1153 4206 1185 4261 et
1199 4220 1264 4262 csse
1285 4221 1347 4263 cer-

247 4303 408 4381 tissimam,
425 4312 455 4368 et
475 4301 592 4366 nullam
608 4303 706 4366 causis
721 4302 823 4368 liberis
838 4303 993 4388 imponere
1008 4307 1238 4372 necessitatem,
1276 4311 1348 4382 Qui-
