3186 4982
203 403 276 447 aar.
292 381 350 466 11.]
574 401 682 445 runnu
697 401 935 446 ouronosmus.
1240 379 1302 441 291

201 566 322 622 formalis
337 567 407 622 ratio
420 564 579 622 substantiae
596 568 710 622 cenabat
721 568 751 622 in
764 568 899 638 mysticae
913 565 1020 622 darius
1031 565 1212 620 sustentantis:
1232 563 1304 636 quod

200 655 290 727 ipsum
307 655 468 727 exprimitur
485 655 599 709 dicendo
617 655 690 726 quod
708 655 857 710 substantia
875 659 916 708 est
929 654 1050 726 pensam
1066 653 1205 708 mbieotum
1214 672 1222 722 3
1240 667 1304 706 nam

202 759 256 796 vox
262 742 385 812 primum
397 741 519 796 excludit
530 746 557 795 et
568 747 650 813 negat
661 741 736 813 prius
750 741 811 813 (VI.
824 760 850 796 n.
864 741 880 796 7
881 742 921 814 9).

237 829 369 882 Attamen
388 827 512 882 siDeum
524 844 651 882 vocemus
669 828 923 898 supersubstantiam,
935 834 967 882 ut
982 827 1104 900 pluribus
1120 827 1150 880 in
1161 843 1235 880 more
1253 829 1303 892 est,

201 919 341 968 etnomen
358 913 516 969 substantiae
528 914 721 985 restringamus
739 914 774 968 ad
791 921 932 983 creaturas,
944 920 1009 968 tunc
1026 911 1202 987 proculdubio
1217 909 1304 964 omnis

202 1001 353 1056 substantia
368 1001 420 1056 erit
435 1002 469 1056 de
481 1019 509 1055 sa
528 1005 592 1074 apta
607 1001 642 1056 ad
656 1000 833 1055 substandum
848 1001 930 1054 alieri
947 1001 1095 1055 accidenti:
1113 1017 1168 1053 non
1179 1004 1271 1052 tamen
1289 1013 1304 1048 e

202 1105 329 1142 converso
341 1105 421 1142 omne
435 1085 508 1158 quod
521 1087 625 1142 substat
637 1086 771 1142 accidenti
786 1105 890 1159 semper
901 1092 943 1142 est
960 1087 1125 1154 substantia,
1144 1090 1219 1160 patet
1231 1082 1303 1137 enim

201 1175 274 1245 quod
286 1175 384 1229 accidit
395 1175 483 1228 motui
494 1173 574 1229 locali
586 1173 692 1229 subesse
707 1173 856 1241 inflexioni,
870 1191 930 1245 quse
943 1180 985 1228 est
1003 1173 1178 1228 accidentalis
1187 1169 1303 1229 mutatio

201 1262 373 1333 directionis;
396 1268 533 1316 ettamen
553 1267 644 1316 motus
663 1279 719 1316 non
741 1265 781 1315 est
800 1261 957 1316 substantia.
994 1261 1033 1314 Et
1056 1261 1181 1314 similiter
1204 1255 1304 1312 accidit

202 1349 294 1421 figurae
307 1367 364 1404 essa
376 1349 535 1420 quadratam
546 1349 592 1404 vel
602 1349 753 1402 rotundam.
790 1347 859 1412 Quae
872 1348 964 1402 omnia
974 1347 1105 1416 indicant,
1118 1365 1172 1401 non
1184 1345 1303 1400 sufficere

201 1437 237 1490 ad
248 1436 379 1490 rationem
391 1435 548 1489 substantiae
560 1435 665 1502 aalma,
678 1435 726 1488 sed
736 1433 837 1506 requiri
848 1439 879 1487 ut
891 1433 927 1488 sit
933 1435 1055 1504 primm
1066 1433 1224 1488 subiectum.

237 1525 279 1578 43.
299 1524 458 1578 Substantia
470 1523 561 1595 igitur,
574 1523 672 1576 saltem
688 1528 784 1592 creata,
797 1521 909 1591 substat,
923 1522 968 1578 vel
985 1521 1105 1576 substare
1123 1525 1213 1593 potest
1230 1521 1302 1575 acci-

202 1611 292 1666 denti:
312 1613 360 1666 sed
371 1629 405 1665 ex
416 1610 512 1680 tribus,
524 1609 622 1682 quibus
639 1609 789 1665 substantia
801 1610 982 1679 constituitur,
995 1615 1058 1664 actu
1069 1627 1175 1681 nempe,
1187 1608 1303 1662 termino

199 1705 229 1753 θῖ
241 1700 445 1771 complemento,
455 1698 527 1752 solus
538 1698 677 1765 terminus,
688 1697 722 1751 ob
735 1714 812 1751 suam
820 1696 1047 1769 potentialitatem
1058 1696 1201 1768 passivam,
1209 1699 1303 1767 aptum

201 1785 286 1840 estad
296 1785 494 1858 recipiendum:
513 1784 585 1838 unde
598 1783 749 1839 substantia
756 1784 857 1837 ratione
868 1783 947 1837 solies
955 1782 1062 1836 termini
1072 1783 1114 1836 sai
1123 1781 1229 1854 proprie
1238 1779 1302 1834 sub·

200 1877 263 1926 stat.
299 1871 374 1925 Hinc
392 1871 430 1941 id,
442 1871 590 1924 secundum
610 1872 684 1942 quod
701 1869 852 1924 substantia
869 1869 1016 1924 materialis
1032 1869 1180 1923 formaliter
1198 1867 1303 1922 substat

202 1957 303 2013 actioni
323 1958 428 2029 agentis
449 1963 490 2012 est
507 1957 626 2025 materia,
639 1974 700 2028 quae
722 1962 764 2010 est
781 1957 917 2029 receptiva
935 1961 1040 2010 motus:
1059 1961 1087 2009 et
1106 1955 1136 2009 id
1154 1955 1302 2010 secundum

200 2045 274 2117 qnod
291 2043 442 2098 substantia
459 2043 607 2115 spiritualis
624 2043 774 2098 formaliter
788 2042 893 2098 substat
905 2048 949 2096 est
964 2043 1103 2096 intellectus
1111 2042 1235 2113 passima,
1255 2041 1301 2112 qui

201 2137 243 2186 est
253 2131 404 2203 receptivum
415 2130 514 2203 speciei
525 2129 714 2202 intelligibilis.

237 2219 369 2272 Attamen
379 2217 432 2271 hoc
443 2217 517 2271 valet
528 2221 636 2270 tantum
648 2216 672 2271 si
684 2221 780 2289 agatur
791 2217 825 2271 de
837 2216 974 2272 accidente
981 2216 1090 2288 proprie
1101 2222 1208 2286 recepto,
1219 2215 1250 2269 id
1261 2221 1303 2269 est

199 2305 236 2359 de
254 2303 390 2376 passione:
409 2302 520 2358 sienim
536 2308 659 2375 ageretur
677 2304 710 2358 de
727 2303 864 2359 accidente
882 2323 934 2358 asoa
940 2303 1050 2375 proecsbe
1066 2307 1182 2376 recepto,
1194 2303 1242 2356 sed
1259 2321 1302 2356 re·

200 2391 319 2445 saltante
339 2407 374 2444 ex
393 2389 544 2462 receptione
562 2390 641 2461 faeta,
663 2389 814 2444 substantia
834 2394 925 2462 posset
945 2396 973 2444 et
991 2389 1100 2444 deberet
1120 2389 1175 2444 dici
1195 2389 1303 2444 subesse

197 2475 335 2532 accidenti
354 2477 492 2530 amandum
507 2477 726 2546 potentialitotem
746 2495 825 2547 qaam
845 2477 920 2530 labet
940 2477 1040 2530 ratione
1056 2476 1099 2530 sai
1118 2476 1300 2546 complementa.

198 2562 248 2618 sie
267 2561 366 2616 dicitur
382 2579 477 2633 eorpus
492 2561 602 2616 subesse
620 2561 708 2615 motui
722 2561 810 2630 locali,
825 2568 873 2616 aut
892 2562 1035 2617 directioni
1051 2567 1149 2631 motus,
1166 2568 1195 2616 et
1212 2562 1303 2617 anima

198 2649 307 2704 subesse
325 2647 448 2702 affectui:
468 2647 591 2720 quamvis
603 2653 693 2702 motus
710 2648 804 2702 localis
821 2652 849 2702 et
864 2648 977 2703 directio
993 2655 1082 2703 motus
1100 2667 1154 2702 non
1166 2650 1223 2704 sint
1240 2667 1302 2722 pas·

196 2735 297 2802 siones,
310 2734 358 2788 sed
372 2734 402 2788 id
414 2735 485 2806 quod
497 2734 653 2788 immediate
669 2734 782 2788 resultat
797 2751 831 2788 ex
843 2734 973 2807 passione,
986 2753 1036 2789 seu
1047 2735 1200 2789 estuatione
1216 2740 1302 2790 mate-

200 2821 275 2874 rialis
286 2821 431 2892 potentiae,
450 2825 478 2875 θῖ
490 2819 600 2874 affectus
612 2838 666 2874 non
678 2821 714 2874 sit
725 2821 822 2892 passi0,
832 2823 879 2876 sed
891 2823 1031 2877 tendentia
1042 2840 1090 2876 seu
1101 2828 1193 2877 motus
1204 2823 1302 2877 imme·

199 2907 274 2960 diate
286 2906 419 2960 resultans
431 2924 465 2959 ex
476 2906 599 2978 passione
611 2906 666 2960 iam
677 2913 790 2980 recepta
814 2909 894 2962 Unde
907 2916 1024 2982 apparet,
1034 2911 1106 2981 quod
1119 2910 1190 2965 sicut
1201 2911 1302 2983 duplex

201 2997 244 3046 eat
252 2991 436 3064 potentialitas
448 2992 477 3045 id
490 2997 532 3046 θεῖ
541 2992 649 3064 passiva
658 2998 686 3046 et
697 2994 862 3064 resultativa,
870 2995 910 3048 ita
922 3001 962 3050 est
971 2996 1072 3068 duplex
1080 2997 1150 3051 ratio
1161 2987 1302 3052 substandi

200 3078 394 3148 accidentibus,
409 3095 522 3150 quaunn
542 3079 629 3150 prime
648 3079 776 3152 importat
797 3081 951 3150 secundam,
963 3098 1017 3152 qua
1035 3083 1191 3156 completur,
1207 3086 1302 3140 eodem

200 3166 282 3220 modo
294 3182 348 3237 quo
358 3165 447 3237 passio
459 3164 488 3218 in
500 3164 558 3218 fieri
570 3165 699 3237 importat
710 3166 861 3238 passionem
872 3167 903 3220 in
913 3167 985 3222 facto
997 3185 1062 3238 esse,
1070 3187 1118 3223 seu
1130 3172 1300 3243 completam.

197 3254 272 3308 Nam
283 3253 320 3322 id,
329 3253 402 3325 quod
414 3252 535 3324 exsurgit
546 3270 594 3325 per
606 3252 757 3325 simplicem
768 3254 980 3319 resultationem,
990 3273 1139 3328 numquam
1151 3263 1241 3330 potest
1252 3261 1300 3314 de-

196 3358 264 3410 esse,
277 3341 385 3412 quando
397 3344 535 3412 ponuntur
546 3353 578 3394 ea
589 3357 623 3392 ex
635 3339 733 3410 quibus
745 3344 787 3393 θεῖ
798 3339 855 3394 eius
865 3341 1012 3396 resultatio.

235 3428 277 3480 44.
296 3427 337 3480 At
348 3426 394 3481 hic
404 3427 555 3480 notandum
571 3426 705 3497 estquod,
718 3425 770 3480 etsi
782 3425 933 3481 substantia
947 3427 1034 3482 subsit
1045 3429 1132 3482 solum
1143 3431 1246 3485 ratione
1259 3435 1301 3488 sui

196 3512 308 3567 termini
323 3518 373 3567 aut
383 3512 427 3567 sui
444 3513 645 3585 complementi,
657 3517 777 3566 attamen
789 3515 863 3584 quod
879 3514 1062 3569 accidentibus
1080 3516 1172 3570 subest
1187 3535 1243 3572 non
1260 3526 1301 3574 θεῖ

197 3600 329 3654 terminus
349 3617 399 3654 nec
416 3600 651 3672 complementum,
665 3600 712 3654 sed
729 3600 788 3672 ipsa
804 3599 961 3655 substantia
998 3602 1082 3656 Ratio
1101 3607 1142 3656 est
1161 3605 1225 3674 quia
1246 3611 1300 3661 ter·

195 3687 289 3740 vmainus
300 3691 333 3739 ut
344 3686 390 3753 sic,
403 3691 430 3741 et
441 3687 669 3759 complementum
687 3693 720 3741 ut
731 3688 778 3756 sic,
791 3705 845 3741 non
857 3694 921 3742 sunt
936 3689 1039 3760 aliquid
1050 3691 1079 3743 in
1091 3708 1181 3744 rerum
1195 3698 1299 3764 natura,

197 3774 251 3827 nisi
263 3773 437 3844 inquantum
452 3774 585 3827 terminus
601 3774 700 3846 accipit
716 3791 773 3829 esse
786 3774 820 3830 ab
838 3781 910 3844 actu,
923 3781 952 3830 et
969 3795 1004 3830 ex
1015 3777 1067 3832 hoc
1085 3779 1198 3833 resultat
1210 3781 1300 3836 unitas

197 3859 244 3912 rei.
281 3859 320 3912 Et
339 3859 400 3912 ideo
421 3859 493 3930 quod
513 3859 619 3913 substat
640 3865 682 3914 est
700 3860 832 3914 terminus
850 3867 982 3931 actuatns,
1004 3867 1033 3916 θῖ
1052 3864 1216 3936 completum
1237 3885 1298 3923 ens:

196 3945 270 3998 unde
282 3943 365 3998 etiam
376 3943 406 3997 in
417 3944 569 4017 receptione
582 3945 727 3999 accidentis
738 3963 793 4000 non
805 3951 926 4000 mutatur
937 3947 1076 4017 terminus,
1088 3950 1135 4003 sed
1148 3950 1300 4009 substantia

195 4030 301 4084 ratione
316 4029 426 4083 termini
443 4029 598 4102 incipientis
616 4030 669 4084 alio
684 4032 764 4086 modo
780 4049 809 4086 se
824 4032 931 4101 habere,
944 4038 972 4086 et
988 4033 1018 4088 in
1036 4036 1212 4092 resultatione
1229 4042 1299 4094 acci-

196 4116 288 4170 dentis
304 4133 360 4170 non
374 4120 496 4170 mutatur
512 4116 747 4188 complementum,
761 4116 807 4171 sed
824 4117 975 4172 substantia
989 4119 1092 4174 ratione
1109 4124 1300 4195 complementi

194 4203 251 4258 alio
264 4203 344 4257 modo
356 4219 384 4256 se
395 4201 494 4257 habere
506 4202 667 4274 incipientis.

232 4291 274 4343 45.
294 4290 352 4343 Idas
363 4289 392 4344 ia
403 4291 462 4344 ulie.
484 4289 565 4354 Quod
583 4289 671 4344 estin
691 4290 744 4345 alio
763 4296 804 4344 est
819 4291 915 4345 modus
930 4291 1092 4349 intrinsecus
1111 4295 1218 4351 essendi
1236 4297 1301 4352 sub·

193 4378 314 4444 stantiae,
327 4381 355 4431 et
372 4374 472 4431 dieitur
481 4377 608 4444 adsideas,
621 4376 686 4446 quia
696 4377 736 4430 ita
751 4382 794 4430 est
804 4377 835 4430 in
851 4377 1009 4448 substantia,
1022 4385 1054 4434 ut
1071 4381 1157 4453 possit
1168 4401 1222 4436 non
1235 4401 1301 4452 esse,
1330 4394 1336 4398 ·

1068 4491 1093 4532 u
1109 4474 1129 4532 2
1291 4471 1293 4474 ’
