3222 4984
267 353 329 418 162
571 370 614 414 nu
631 369 775 412 remoue
792 368 849 412 nar
866 369 904 412 ru
922 367 1052 412 uuuuo.
1227 347 1311 432 [aar.
1328 367 1372 412 11.-

264 540 416 626 positione
445 538 569 606 termini
597 538 679 604 intra
708 539 857 624 sphaeram
887 559 950 603 sure
978 536 1151 604 activitatis.
1195 537 1275 601 Vide
1300 559 1368 622 quae

266 651 399 718 diximus
414 651 452 716 de
467 650 675 718 accidentibus
689 673 722 718 n.
738 653 781 716 26
800 658 832 716 et
852 673 935 736 seqq.
981 650 1040 715 Illa
1058 671 1131 734 ergo
1149 649 1287 715 doctrina
1304 657 1368 712 tam

266 772 342 844 rata,
359 771 395 828 ut
411 763 583 828 Goudinius
610 762 693 843 dicit,
711 763 934 849 amplissimum
961 762 1107 848 relinquit
1129 762 1230 826 locum
1255 769 1368 825 nostrae

266 875 444 954 sententiae3
467 875 621 962 quianon
642 876 753 940 sufficit
779 876 949 940 doctrinam
974 897 1040 940 esse
1061 883 1168 955 ratam,
1192 875 1246 940 sed
1268 872 1369 960 requi-

266 987 346 1052 ritur
362 995 398 1050 ut
419 986 458 1050 sit
475 986 553 1053 bene
567 986 726 1072 applicata,
742 995 773 1052 et
787 1007 850 1079 non
866 995 1010 1072 corrupta
1023 985 1107 1050 falsis
1122 985 1255 1072 physicae
1269 985 1368 1049 notio·

266 1099 368 1164 nibus.

310 1213 364 1275 21.
390 1209 531 1275 Secundo
547 1209 589 1274 sic
605 1218 854 1295 argumentatur:
881 1212 978 1276 Cama
997 1211 1122 1276 cenanda
1139 1233 1198 1276 non
1217 1213 1290 1295 opit,
1311 1212 1370 1274 niai

267 1326 299 1386 in
314 1325 423 1388 virtute
431 1326 537 1406 prima
544 1350 555 1398 ‚·
578 1346 646 1408 erpo
654 1325 744 1408 priua
758 1324 840 1388 debet
853 1325 981 1408 recipcre
994 1325 1130 1388 virtutem
1144 1325 1272 1407 aprima
1287 1330 1368 1386 ante-

267 1457 355 1518 quam
369 1443 449 1519 apat.
485 1437 668 1520 Consequens
676 1438 832 1520 motatur.
866 1437 947 1500 Nam
957 1438 1044 1516 prim
1058 1443 1102 1499 eat
1116 1437 1220 1499 lachem
1234 1437 1371 1498 virtutem

268 1547 373 1631 offendi
387 1570 474 1632 qnam
488 1571 583 1631 apere.
628 1549 675 1612 Et
689 1549 757 1612 licet
771 1556 906 1613 nectura
916 1571 972 1632 per
986 1551 1159 1613 creationem
1171 1545 1295 1630 recipiat
1309 1549 1369 1609 oir-

267 1666 358 1723 tutem
378 1661 484 1742 opendi
504 1661 535 1723 in
555 1669 623 1724 actu
637 1663 746 1744 primo,
761 1683 820 1724 non
839 1669 936 1724 tamen
949 1662 1054 1744 recipit
1067 1661 1204 1724 virtutem
1219 1659 1324 1743 apendi
1339 1660 1371 1721 in

267 1779 336 1834 acta
350 1772 482 1851 secunda,
493 1793 544 1836 aaa
559 1774 739 1837 nativitatem
753 1773 885 1854 nltimam
900 1773 1013 1857 mardi,
1026 1793 1084 1855 quo
1096 1773 1291 1835 constituatur
1302 1779 1370 1834 actu

262 1882 444 1966 profundere
473 1886 625 1964 actionem,
650 1885 847 1968 reddanturque
875 1884 1033 1968 (1111111111
1062 1885 1166 1948 aDeo
1196 1885 1228 1946 in
1255 1884 1370 1948 ratione

268 1995 391 2077 aperitis,
410 1995 487 2058 aicad
503 2018 561 2079 per
587 1998 760 2060 creationem
782 1997 920 2080 dependet
941 1997 978 2060 ab
1000 2019 1033 2059 eo
1056 1998 1086 2059 in
1107 1999 1222 2060 ratione
1237 1996 1371 2078 potentia

268 2127 364 2189 apere.
410 2106 496 2171 Sicut
516 2129 608 2184 aare,
631 2109 746 2192 qnando
769 2108 949 2192 fabricatur,
972 2109 1076 2192 recapit
1098 2107 1212 2192 qnidam
1233 2108 1371 2170 virtatem

267 2218 388 2281 rodendi
402 2219 434 2281 in
448 2228 518 2284 acta
525 2221 635 2300 primo,
648 2221 700 2284 aed
709 2227 805 2283 tamen
812 2229 970 2303 preterea,
985 2228 1019 2283 ut
1034 2219 1162 2303 deferam
1176 2220 1272 2299 rodet,
1289 2219 1370 2283 debet

267 2330 394 2412 recipere
408 2331 562 2394 motionem
577 2330 783 2414 applicatarum
798 2333 834 2394 ab
855 2331 977 2414 artifice.
1021 2331 1095 2394 Hae
1112 2333 1190 2394 ratio
1212 2331 1371 2394 deaamitnr

269 2463 306 2504 en
322 2441 356 2506 S.
377 2443 486 2508 VVoma
510 2445 553 2526 (3.
569 2444 604 2506 de
617 2445 753 2526 potentia
774 2466 801 2507 a.
818 2446 847 2508 7.
864 2443 903 2508 ad
918 2444 998 2527 ler
1022 2443 1128 2507 Virtus
1149 2443 1307 2522 naturalis,
1325 2444 1370 2505 in-

269 2553 343 2635 quit,
358 2561 486 2637 quaeest
501 2552 593 2619 rebus
608 2553 798 2620 naturalibus
813 2554 847 2618 in
869 2577 923 2619 sua
943 2555 1137 2619 institutione
1157 2554 1274 2634 collata,
1290 2553 1370 2618 inest

268 2663 312 2728 eis
327 2673 363 2728 ut
377 2665 516 2750 quaedam
532 2665 630 2730 forma
644 2665 760 2730 habens
776 2689 841 2730 esse
856 2674 958 2731 ratum
973 2675 1004 2731 et
1014 2667 1110 2730 fixum
1120 2667 1153 2730 in
1165 2675 1296 2731 natura:
1320 2665 1372 2730 sed

268 2773 301 2836 in
317 2796 378 2859 quo
392 2774 465 2840 facit
475 2775 562 2840 Deus
577 2775 611 2838 in
625 2775 686 2840 illis
700 2783 737 2840 ut
751 2777 910 2841 actualiter
924 2785 1097 2861 operentur,
1108 2777 1202 2841 habet
1216 2777 1370 2862 quoddam

266 2907 334 2958 esse
356 2884 586 2970 incompletum,
602 2909 638 2952 eo
660 2888 752 2952 modo
774 2910 836 2974 quo
858 2889 973 2954 colores
995 2897 1069 2954 sunt
1084 2889 1117 2953 in
1133 2893 1213 2969 aire,
1229 2897 1260 2954 et
1275 2890 1371 2954 virtus

270 2997 344 3060 artis
359 2996 392 3059 in
407 2996 613 3061 instrumento
627 2998 761 3064 artificis.

315 3105 398 3170 Huic
422 3106 533 3171 radoni
557 3109 790 3192 respondebitur
812 3112 881 3176 diat.
897 3121 959 3177 ant.
978 3133 1041 3176 non
1057 3111 1122 3197 agit
1136 3113 1196 3176 nisi
1210 3113 1244 3176 in
1259 3113 1371 3177 virtute

271 3239 328 3281 sua
349 3217 490 3297 naturali,
506 3241 599 3303 quam
618 3220 711 3285 habet
733 3245 751 3286 a
770 3244 861 3287 causa
874 3223 972 3308 prima
987 3247 1042 3310 per
1057 3225 1239 3290 creationem
1255 3249 1280 3290 c.
1297 3234 1372 3305 ant,

271 3351 335 3392 nou
350 3329 410 3394 nisi
425 3329 457 3397 in
472 3329 584 3396 virtute
600 3333 722 3417 quaesit
738 3333 853 3419 aliquid
873 3334 1052 3401 distinctum
1072 3359 1090 3400 a
1105 3336 1217 3402 virtute
1239 3336 1370 3401 naturali

269 3464 299 3505 a.
316 3451 377 3506 ant.
393 3450 422 3506 et
444 3465 557 3527 conseq.
602 3444 654 3508 Ad
673 3445 883 3528 probationem
904 3445 1077 3529 dicendum,
1093 3448 1176 3533 quod
1191 3471 1296 3512 verum
1314 3457 1371 3527 est,

271 3561 440 3618 creaturam
462 3575 524 3618 non
547 3554 658 3620 habere
679 3579 734 3640 per
755 3558 938 3622 creationem
959 3559 1020 3624 nisi
1039 3559 1183 3625 virtutem
1206 3559 1317 3644 agendi
1339 3560 1372 3624 in

270 3673 341 3729 actu
365 3663 484 3749 primo:
517 3665 570 3730 sed
597 3688 679 3731 error
704 3669 836 3733 auctoris
862 3670 1002 3734 consistit
1027 3670 1060 3735 in
1083 3671 1151 3749 hoc,
1176 3671 1259 3756 quod
1285 3679 1373 3755 putet

271 3776 416 3846 virtutem
438 3777 549 3861 agendi
571 3775 680 3843 debere
702 3778 817 3865 aliquid
839 3782 971 3866 recipere
992 3791 1029 3846 ut
1050 3784 1104 3848 fiat
1125 3805 1219 3868 agens
1241 3783 1273 3847 in
1302 3797 1374 3848 actu

271 3888 414 3954 secundo·
460 3889 567 3954 Virtus
593 3913 763 3976 numquam
788 3902 836 3957 eat
862 3893 899 3958 de
923 3918 955 3959 se
980 3903 1011 3959 et
1036 3904 1073 3960 ut
1096 3896 1149 3976 sic,
1169 3897 1230 3960 nisi
1249 3897 1282 3960 in
1302 3904 1373 3961 actu

271 4000 388 4086 primo:
415 4009 445 4064 et
468 4001 501 4065 in
521 4001 579 4067 hoe
597 4012 668 4067 actu
689 4003 781 4068 habet
803 4005 886 4070 illam
909 4006 1050 4071 ultimam
1072 3998 1289 4088 actualitatem,
1312 4029 1372 4092 qua

270 4113 305 4176 de
318 4135 350 4176 ae
363 4120 434 4177 actu
448 4112 614 4196 profundat
631 4115 791 4197 actionem,
808 4117 886 4182 sicut
903 4119 1001 4184 forma
1019 4121 1228 4187 substantialis
1247 4122 1280 4184 in
1301 4130 1373 4185 actu

269 4224 368 4309 primo
388 4225 522 4308 cogitata
540 4226 633 4290 habet
654 4236 750 4294 totam
769 4231 974 4296 actualitatem
998 4255 1059 4318 qua
1078 4234 1131 4298 det
1148 4233 1282 4298 materiae
1302 4241 1373 4298 actu

272 4358 346 4406 esse.
392 4336 500 4421 Ipsum
521 4346 624 4402 autem
641 4340 707 4404 fieri
726 4342 759 4405 in
779 4352 849 4408 actu
870 4345 1014 4426 secundo,
1031 4369 1085 4412 seu
1100 4369 1199 4432 agere,
1214 4369 1278 4414 non
1293 4347 1372 4413 obti-
