3222 4984
249 381 318 426 aar.
336 361 407 445 ιιι.]
565 381 608 424 nn
622 381 765 430 Acmona
781 381 839 424 ιιι
855 381 893 424 ιιι
910 379 1040 426 nunno.
1287 365 1346 427 191

248 546 333 610 fandi
341 571 351 625 ;
367 545 441 610 ordo
455 546 537 610 enim
553 545 791 632 supernaturalis
807 567 869 610 non
884 544 1063 610 contradicit
1085 545 1185 611 ordini
1205 548 1348 625 naturali,

249 659 303 723 sed
320 680 391 723 eum
409 658 536 744 perficit.
583 658 734 742 Speciales
755 666 859 721 tamen
880 656 1072 721 difficultates
1092 657 1171 722 circa
1190 659 1348 743 praedesti-

190 817 193 823 ·
248 769 404 834 nationem
426 778 458 834 et
482 769 726 855 reprobationem
752 769 923 848 hominnm,
943 790 1012 853 qnae
1035 791 1071 833 ex
1093 768 1299 834 locutionibus
1316 771 1347 834 S.

250 882 420 965 Scripturae
441 881 638 960 hauriuntur,
662 879 805 964 speciales
827 879 1041 964 responsiones
1064 902 1101 944 ex
1114 862 1224 944 iisdem
1247 881 1349 966 Scrip-

247 994 326 1056 turis
341 1001 371 1056 et
386 1015 422 1060 ex
437 993 616 1057 auctoritate
631 993 826 1076 depromptas
841 993 978 1075 exigunt.

291 1109 344 1170 49.
369 1104 558 1169 Concludam
573 1104 657 1168 hunc
671 1111 834 1168 tractatum
846 1102 976 1168 breviter
991 1105 1255 1169 commemorando
1266 1106 1349 1190 quod

248 1217 328 1281 sicut
346 1225 431 1280 actus
451 1216 599 1280 creativus
621 1224 668 1279 est
686 1225 773 1279 aetus
793 1215 915 1279 divinus
932 1215 1097 1280 extrinsece
1112 1216 1294 1281 terminatus
1309 1219 1348 1282 ad

248 1351 313 1392 esse
335 1337 483 1392 creaturae
504 1327 691 1413 simpliciter,
708 1327 753 1391 ita
776 1329 809 1390 1⁰
831 1328 1018 1392 conservatio
1039 1351 1141 1392 rerum
1163 1329 1241 1392 nihil
1264 1330 1348 1394 aliud

247 1447 293 1503 est
315 1438 375 1503 nisi
397 1438 462 1522 ipse
484 1447 569 1503 actus
592 1437 713 1503 divinus
735 1437 917 1502 terminatus
940 1437 1066 1502 adesse
1088 1447 1237 1505 creaturae
1258 1441 1348 1504 utin

247 1559 334 1614 motu
349 1549 481 1635 quodam
497 1549 652 1614 existentis
663 1557 677 1613 ε’
694 1570 790 1634 quum
806 1556 909 1613 autern
923 1558 1026 1613 motus
1041 1550 1080 1614 sit
1095 1551 1129 1615 in
1142 1560 1229 1635 parte
1238 1561 1347 1636 poten·

246 1664 312 1728 tiali
334 1663 424 1744 entis,
447 1663 621 1728 connotatio
643 1663 836 1748 distinguens
865 1663 1122 1728 conservationem
1151 1685 1170 1728 a
1198 1669 1349 1731 creatione

246 1776 368 1862 respicit
383 1776 415 1840 id
430 1776 513 1862 quod
529 1776 667 1860 sequitur
681 1779 851 1841 materiam:
874 1778 909 1840 2⁰
924 1797 1089 1840 concursus
1104 1777 1182 1841 nihil
1197 1778 1281 1842 aliud
1300 1791 1346 1844 est

245 1888 306 1952 nisi
326 1865 397 1973 ipse
422 1896 508 1952 actus
535 1887 655 1951 divinus
681 1887 862 1951 terminatus
888 1886 928 1950 ad
953 1909 1018 1952 esse
1043 1895 1191 1953 creaturae
1217 1898 1252 1954 ut
1276 1901 1347 1955 actu

245 1998 381 2084 agentis:
405 2007 437 2063 et
450 2021 547 2083 quum
562 2021 656 2092 agens
671 2007 742 2082 agat
757 1997 926 2062 secundum
942 1997 1024 2083 quod
1039 1999 1129 2062 estin
1141 2009 1221 2079 actu,
1234 2024 1347 2065 conno-

245 2111 321 2175 tatio
336 2110 530 2194 distinguens
544 2131 725 2174 concursum
741 2131 759 2172 a
773 2110 924 2173 creatione
938 2111 1060 2193 respicit
1072 2111 1104 2174 id
1115 2111 1198 2195 qnod
1209 2114 1347 2198 seqnitur

238 2223 388 2306 formam:
411 2224 446 2285 3⁰
468 2221 649 2305 gubernatio
672 2219 783 2284 divinae
803 2219 1003 2304 providentiae
1025 2221 1104 2284 nihil
1126 2221 1208 2286 alind
1226 2235 1272 2287 est
1287 2225 1347 2289 nisi
1438 2227 1442 2238 ’

245 2333 311 2418 ipse
336 2341 422 2397 actus
449 2331 571 2396 divinus
594 2331 776 2395 terminatus
799 2331 927 2395 adesse
950 2339 1097 2397 creaturae
1120 2340 1156 2396 ut
1179 2335 1297 2400 actione
1315 2345 1346 2401 et

245 2452 335 2508 motu
348 2465 404 2508 sno
419 2441 573 2508 tendentis
589 2442 741 2522 adfinem,
753 2464 824 2526 qnae
835 2441 992 2506 tendentia
1003 2465 1099 2526 quum
1111 2443 1151 2507 sit
1162 2444 1257 2529 ipsius
1267 2447 1346 2511 entis

246 2555 399 2639 completi,
414 2554 589 2619 connotatio
605 2553 798 2638 distinguens
813 2553 1034 2637 providentiam
1049 2577 1067 2618 a
1082 2557 1233 2621 creatione
1250 2560 1344 2644 respi-

245 2666 288 2730 cit
303 2663 336 2730 id
350 2664 433 2750 quod
447 2644 585 2749 seqnitur
599 2666 742 2730 unitatem
756 2665 845 2728 entis.
891 2663 1085 2751 Quapropter
1099 2667 1138 2730 ad
1152 2669 1345 2753 explicandas

245 2800 351 2842 omnes
366 2777 498 2841 actiones
512 2776 573 2840 Dei
588 2776 627 2840 ad
641 2785 725 2840 extra
738 2799 802 2840 non
817 2784 863 2840 est
881 2798 1002 2840 necesse
1022 2777 1222 2862 multiplicare
1241 2791 1344 2846 actum

245 2889 394 2967 divinum,
410 2887 464 2951 sed
478 2886 680 2972 multiplicare
695 2887 841 2951 terminos
859 2888 1041 2951 extrinsecos
1060 2896 1192 2970 tantum,
1209 2891 1247 2954 ad
1267 2915 1344 2977 quos

244 3000 326 3065 idern
352 3006 437 3064 actus
462 2999 654 3078 terminatur,
680 3006 711 3062 et
736 2998 869 3062 rationes
894 2998 1035 3062 formales
1059 2999 1256 3085 distinguere,
1286 3003 1343 3068 snb

245 3110 357 3196 quibus
380 3117 465 3174 actus
488 3109 618 3190 divinus,
637 3109 669 3172 in
692 3109 739 3174 sni
762 3110 975 3175 terminatione
996 3109 1036 3174 ad
1057 3111 1189 3193 eosdem,
1204 3113 1344 3198 pluribus

244 3222 362 3287 actibus
385 3221 556 3307 aequivalet,
578 3230 610 3286 et
635 3221 836 3306 multiplicem
863 3221 1140 3288 denominationem
1163 3226 1274 3291 realem
1294 3251 1342 3294 ac-

245 3335 348 3420 quirit.
392 3334 434 3398 Et
448 3334 514 3400 haec
530 3334 568 3399 de
582 3333 700 3400 actione
714 3334 775 3398 Dei
788 3333 822 3398 in
837 3333 952 3399 mundo
968 3333 1127 3400 sufficiant.
