3222 4984
227 380 301 424 voa.
318 357 358 446 a]
446 351 449 356 ’
547 380 708 426 sonarum
724 381 764 426 ar
780 382 1004 428 EMENDANBA.

259 545 325 615 Pap.
339 544 382 598 16.
396 544 441 601 lio.
457 545 498 599 13.
517 545 651 600 diceretur
662 541 761 616 marios
772 545 907 602 diceretur
917 544 951 601 ab
963 543 1030 618 ipsis

259 631 326 684 Idid.
340 630 385 686 lio.
400 631 441 686 16.
460 631 505 686 vel
516 633 631 687 formam
643 634 743 704 corripe
755 638 783 687 et
794 633 908 688 formam

258 716 327 772 Ibid.
342 718 385 773 lia
399 717 440 772 17.
459 723 564 786 natura,
581 719 667 774 altera
682 719 773 774 ablata
789 720 889 790 corripe
903 722 1001 773 natura
1016 719 1146 789 separate,
1158 712 1203 770 vel
1222 711 1328 780 saltem,

222 803 300 858 iuxta
311 803 430 859 Suaresii
442 804 582 879 principia,
594 823 673 878 posse
685 822 792 860 manere
805 806 963 860 alterutram
974 804 1059 858 altera
1071 801 1168 857 ablata.

257 889 322 960 Pap.
337 889 378 944 17.
393 890 437 944 lia.
450 890 492 945 23.
511 889 633 945 Privatio
645 896 706 961 etc,
719 892 773 945 dela
784 897 866 945 totam
876 890 1072 962 responsionem,
1085 894 1110 941 et
1125 885 1247 942 mbstitue
1257 884 1325 937 banc

222 975 319 1029 aliem
338 976 460 1031 Privatio
477 975 627 1031 formaliter
644 983 753 1050 sumpta
770 976 821 1031 sub
837 976 941 1031 ratione
959 973 1118 1048 privationis
1129 992 1150 1028 c.
1165 977 1228 1040 aot,
1239 974 1326 1024 mate-

223 1060 326 1116 rialiter
346 1067 455 1135 sumpta
472 1066 504 1117 ut
521 1062 673 1118 subiectum
692 1062 792 1136 inquo
810 1061 960 1134 concipitur
977 1059 1046 1116 ratio
1063 1057 1222 1133 privationis
1233 1076 1258 1110 n.
1272 1060 1325 1108 aaa.

221 1147 286 1202 Non
301 1147 425 1217 dicimus,
437 1147 579 1202 materiam
589 1147 705 1220 primam
721 1154 827 1202 mosim
839 1148 958 1219 primm
969 1146 1019 1201 sub
1035 1162 1084 1201 sua
1094 1146 1189 1213 forma,
1202 1142 1250 1198 sed
1267 1140 1327 1194 fieri

221 1234 384 1289 secundamr
408 1233 480 1288 unde
501 1233 624 1305 sequitur
642 1234 716 1305 quod
740 1234 850 1288 amittat
870 1234 1003 1289 rationem
1025 1231 1185 1305 privationis
1203 1229 1233 1282 in
1251 1244 1327 1282 com-

222 1320 318 1392 posito.
355 1320 409 1389 Sic,
431 1320 454 1373 si
478 1325 601 1374 mortuus
623 1325 753 1392 resurgat,
769 1320 839 1374 ratio
858 1319 1003 1388 cadaveris,
1021 1335 1082 1392 qun
1102 1323 1145 1372 cst
1164 1317 1194 1370 in
1217 1330 1327 1386 corporo

146 1457 148 1464 .
221 1406 330 1474 morteri,
343 1423 458 1478 quaeque
470 1411 598 1461 connotat
615 1406 804 1479 privationem,
817 1406 953 1462 amittitur
964 1406 994 1459 in
1009 1405 1068 1478 ipso
1079 1411 1143 1460 actu
1154 1399 1325 1473 resurgendi:

222 1498 250 1548 et
259 1498 350 1547 tamen
362 1499 433 1546 recte
444 1492 551 1563 dicitur,
561 1493 634 1565 quod
642 1494 725 1548 homo
736 1493 875 1549 redivivus
884 1497 991 1548 constat
999 1509 1032 1547 eo
1043 1508 1152 1564 corpore
1162 1494 1195 1544 ut
1202 1485 1325 1554 materia,

222 1585 250 1634 et
262 1580 353 1634 anima
363 1583 395 1633 ut
406 1579 500 1634 forma
538 1579 638 1634 Stricte
653 1589 746 1634 tamen
757 1580 900 1652 loquendo,
912 1579 1026 1635 materia
1036 1578 1123 1651 prima
1139 1594 1195 1631 non
1206 1580 1249 1630 est
1259 1592 1325 1629 con·

221 1665 379 1721 stitutivum
398 1665 576 1720 intrinsecum
594 1665 665 1720 entis
685 1666 841 1735 materialis,
853 1667 901 1720 sed
920 1665 1034 1721 matema
1054 1669 1085 1718 ut
1104 1669 1225 1731 actuata3
1243 1677 1326 1733 quara

223 1751 308 1806 etiam
325 1769 450 1807 oenomao
468 1751 653 1821 antecedente,
664 1757 779 1824 negatur
789 1769 962 1825 consequens.
999 1750 1080 1818 Quod
1098 1754 1188 1805 autem
1204 1745 1327 1820 opposita

222 1856 277 1892 non
294 1856 323 1893 se
338 1837 468 1893 inchoent
485 1843 589 1907 mutuo,
602 1837 673 1892 nihil
689 1838 785 1908 refert3
804 1839 868 1912 quia
885 1837 999 1893 materia
1010 1855 1066 1892 non
1081 1835 1192 1890 inchoat
1202 1834 1325 1900 formam,

223 1924 300 1978 cuius
311 1928 353 1979 est
364 1924 527 2002 oppositum,
539 1924 587 1979 sed
598 1924 709 1979 inchoat
720 1942 768 1981 ens
783 1924 931 1995 materiale,
943 1923 1021 1979 cuiue
1032 1940 1087 1977 non
1100 1927 1142 1977 est
1153 1919 1307 1994 oppositum
1319 1936 1325 1972 ε

223 2009 335 2066 inchoat
355 2016 447 2066 autem
465 2028 514 2065 ens
531 2011 695 2066 maeatae
712 2016 828 2080 tantum,
844 2028 929 2084 quum
946 2009 1067 2078 materia,
1080 2008 1163 2064 etiam
1183 2012 1216 2062 ut
1234 2006 1327 2062 subest

223 2097 326 2164 formes,
338 2114 394 2150 non
411 2095 511 2151 habeat
527 2097 561 2151 de
573 2114 602 2152 se
614 2097 746 2152 rationem
758 2097 836 2167 entis,
849 2102 881 2151 ut
895 2097 1014 2152 dicemus
1030 2095 1101 2149 infra
1113 2095 1151 2166 (n.
1165 2094 1229 2165 29);
1248 2099 1276 2146 et
1287 2091 1327 2146 sic

225 2189 342 2255 nequeat
359 2199 515 2238 concurrere
529 2183 564 2237 ad
580 2182 800 2238 constituendum
817 2201 865 2237 ens
875 2200 924 2256 per
940 2182 1061 2256 aliquam
1072 2199 1149 2236 suam
1165 2179 1325 2234 realitatem.

214 2270 306 2324 ·Unde
322 2269 411 2323 adhuc
425 2268 523 2324 melius
535 2268 636 2324 dicitur
646 2269 719 2340 quod
736 2269 850 2324 materia
861 2269 984 2324 maminot
999 2267 1159 2340 simpliciter
1175 2283 1232 2335 ens,
1244 2281 1327 2338 quarn

224 2356 298 2428 quod
315 2355 425 2410 inchoat
437 2372 499 2423 ens3
518 2355 630 2411 verbum
646 2355 720 2410 enim
737 2355 858 2410 inchoare
869 2354 938 2410 dicit
954 2354 1045 2427 potius
1061 2358 1154 2408 actum
1170 2369 1253 2425 quum
1271 2355 1327 2404 ter-

225 2442 337 2496 minum.
376 2440 466 2507 Quare
477 2441 620 2496 fatendum
633 2446 683 2510 est,
694 2441 837 2496 materiam
854 2459 908 2496 non
920 2441 1040 2495 conferre
1051 2439 1171 2512 aliquam
1184 2437 1328 2494 entitatem

226 2528 283 2583 enti
295 2528 436 2598 materiali,
450 2528 498 2583 sed
509 2533 617 2583 tantum
629 2528 772 2583 terminare
785 2535 876 2584 actum
892 2528 1067 2584 entitativum
1078 2527 1171 2582 forma
1184 2526 1260 2580 illam
1269 2524 1328 2580 exi-

224 2615 322 2686 gentis,
334 2621 363 2669 et
380 2633 428 2687 per
446 2615 499 2670 hoc
518 2614 606 2669 solum
627 2632 782 2670 concurrere
803 2615 838 2670 ad
855 2614 1077 2671 constitutionem
1093 2613 1181 2668 entis:
1199 2617 1328 2680 attamen,

224 2701 289 2773 quia
306 2701 364 2756 sine
381 2701 497 2755 materia
513 2706 590 2756 ectus
607 2701 655 2755 ille
668 2701 764 2773 nequit
782 2701 904 2772 existere,
917 2706 989 2756 recte
1006 2700 1120 2756 materia
1133 2699 1264 2772 accipitur
1280 2716 1329 2770 pro

225 2805 280 2841 uno
292 2804 328 2840 ex
339 2786 522 2841 constitutivis
534 2786 685 2842 intrinsecis
696 2787 771 2842 illius
782 2787 861 2843 entis.

262 2873 702 2946 Paq.18.on.23.metaphysieo
725 2875 827 2946 corripe
849 2874 1043 2948 metaphysieo,
1066 2873 1152 2930 immo
1176 2891 1211 2928 ex
1234 2871 1328 2928 ordine

226 2958 367 3031 praecisivo
379 2963 407 3012 et
418 2958 507 3029 logico

262 3046 328 3116 Pop.
341 3045 383 3099 19.
397 3045 441 3099 lio.
455 3045 497 3101 25,
515 3043 630 3099 formam
642 3046 741 3116 canipe
751 3047 943 3103 formalitatem
955 3047 1067 3103 rationis

262 3131 328 3202 Pap.
341 3133 384 3185 23.
397 3131 442 3185 laia
456 3131 481 3186 7.
500 3136 617 3203 ponatur
627 3131 786 3188 differentia
822 3136 913 3188 Adde:
932 3135 1036 3189 Verum
1047 3140 1091 3188 est
1104 3135 1177 3206 quod
1188 3132 1328 3201 terminus,

225 3236 279 3291 quo
295 3220 383 3273 forma
397 3217 546 3272 materialis
563 3219 731 3288 terminatur,
745 3237 801 3274 non
817 3219 1035 3275 denominaretur
1050 3221 1172 3289 materia,
1187 3219 1242 3274 nisi
1259 3224 1331 3274 esset

226 3305 358 3360 terminus
372 3305 435 3358 talis
447 3304 549 3360 formae.
586 3304 659 3359 Nam
675 3305 759 3360 etiam
776 3311 898 3360 creatura
913 3306 1060 3379 spiritualis
1077 3312 1120 3361 est
1134 3311 1210 3361 actus
1228 3305 1330 3360 habene

225 3409 305 3445 suum
317 3390 472 3459 terminum,
485 3395 513 3444 et
526 3389 585 3444 eius
597 3389 729 3445 terminus
738 3409 793 3444 non
805 3391 905 3446 dicitur
916 3391 1036 3462 materia,
1048 3392 1113 3446 licet
1125 3391 1231 3446 dicatm
1241 3397 1329 3445 mate·

226 3476 302 3532 rielis
319 3477 355 3531 ob
371 3476 524 3548 analogiam
540 3475 716 3548 passivitatis.
752 3476 827 3532 Hinc
847 3482 938 3549 posset
950 3477 1048 3549 aliquis
1066 3483 1169 3550 putare,
1182 3477 1329 3531 terminum

227 3563 434 3618 substantialem
446 3562 545 3617 hahere
557 3581 585 3616 se
598 3568 629 3616 ut
640 3580 725 3634 genua
737 3562 948 3633 determinabile,
956 3569 985 3618 et
995 3569 1086 3619 ectum
1098 3569 1130 3618 ut
1141 3563 1329 3618 differentiam.

229 3649 283 3703 Sed
300 3667 388 3720 neque
399 3649 453 3704 hoc
470 3649 525 3703 dici
535 3655 642 3722 potsst;
661 3649 726 3722 quia
737 3649 826 3704 omnis
837 3649 988 3705 differentia
1005 3656 1047 3704 est
1058 3649 1162 3723 aliquid
1178 3655 1255 3705 extra
1265 3668 1330 3705 con-

228 3740 337 3807 ceptum
355 3735 460 3806 generis
478 3735 523 3789 cui
540 3735 668 3790 advenit:
687 3736 819 3790 terminus
840 3742 932 3791 autem
942 3735 1036 3791 formae
1053 3736 1201 3791 materialis
1217 3754 1273 3790 non
1289 3742 1332 3790 est

229 3827 306 3876 extra
326 3827 487 3893 conceptum
506 3839 561 3876 suae
580 3821 692 3892 formae3
710 3828 836 3877 nannum
856 3822 929 3876 enim
948 3823 1029 3878 huius
1049 3823 1143 3878 formae
1164 3823 1331 3898 concipimus

226 3909 318 3963 solum
329 3925 377 3980 per
391 3908 445 3962 hoc
456 3907 529 3979 quod
541 3908 616 3964 dicat
634 3908 803 3964 essentialem
821 3909 979 3964 relationem
997 3910 1032 3967 ad
1043 3910 1190 3965 materiam.
1228 3909 1332 3983 Nequit

229 4012 293 4066 ergo
314 3994 419 4068 concipi
440 3993 574 4049 eiusmodi
593 3994 680 4049 forma
697 3995 909 4068 independenter
929 4014 946 4050 a
969 4015 1018 4051 suo
1039 3997 1156 4052 termino
1176 3997 1330 4053 intrinseco.

228 4083 302 4154 Ergo
326 4081 372 4136 hic
396 4081 528 4136 terminus
551 4081 647 4154 nequit
671 4081 769 4136 habere
791 4082 925 4137 rationem
945 4082 1112 4140 differentiae.
1149 4085 1229 4140 Unde
1249 4085 1332 4144 etiam

228 4169 334 4242 antiqui
350 4168 533 4224 definiverunt
550 4169 729 4224 substantiam
744 4169 912 4224 materialem
924 4171 982 4224 Em
994 4172 1091 4237 modale,
1104 4172 1260 4227 collocando
1274 4191 1330 4241 ens,

229 4256 289 4394 sivp
301 4262 391 4392 petum
407 4256 507 4312 mendi
522 4256 551 4310 in
567 4274 672 4328 genere,
685 4263 714 4312 et
731 4257 910 4312 mobilitatem
926 4275 973 4312 seu
986 4259 1202 4330 occultassis
1216 4260 1332 4318 oratoriae

229 4338 258 4392 in
290 4339 299 4392 i
320 4338 431 4395 arentia.
960 4379 962 4382 -
