3240 4986
228 393 298 440 car.
316 374 386 458 111.]
683 394 727 438 ne
745 393 876 438 nunno.
1229 367 1234 376 '
1269 376 1329 438 131

228 558 347 640 habuit,
372 557 610 626 determinatum
633 559 764 645 gradum
790 580 853 624 uon
879 558 1016 626 excedit:
1038 567 1070 624 et
1095 558 1165 624 ideo
1186 558 1332 638 mundus,

228 670 288 734 etsi
304 669 339 736 iu
356 669 411 734 tali
430 679 553 735 tantum
570 670 669 756 gradu
684 670 834 758 glorificet
848 671 962 750 Deum,
977 677 1025 735 est
1039 671 1165 738 omnino
1178 672 1333 756 perfectus

230 780 263 846 in
278 780 385 846 ordine
399 781 556 848 adfinem.
790 853 796 864 ,

273 896 327 958 55.
352 893 508 971 Quoeritur
522 893 623 972 tertio,
639 915 679 958 aa
692 895 733 960 sit
747 894 817 958 orda
832 895 864 958 ir:
877 893 994 973 mnam,
1009 902 1039 959 et
1051 893 1159 977 quaid.

273 1003 466 1090 Respondeo,
478 1003 664 1090 ubicumque
679 1012 752 1070 sunt
766 1005 856 1090 plura
869 1011 940 1090 apte
951 1003 1157 1090 conspirantia
1178 1002 1212 1068 iu
1232 1023 1331 1068 unum

229 1116 333 1197 finem
355 1115 399 1182 ibi
421 1138 487 1181 esse
508 1115 665 1180 ordinem:
688 1124 736 1182 est
757 1116 841 1182 enim
863 1116 938 1182 ordo
959 1124 1031 1200 opta
1051 1139 1149 1182 rerum
1170 1115 1332 1199 dispositio.

230 1227 338 1304 Quum
353 1235 457 1294 summ
471 1227 574 1292 omnia
588 1249 656 1312 qnae
677 1227 711 1292 in
732 1227 850 1292 mundo
872 1235 945 1294 sunt
968 1226 1008 1292 ad
1028 1249 1126 1294 uuum
1147 1227 1241 1292 linem
1263 1233 1333 1311 apte

228 1339 414 1425 conspirent,
430 1362 467 1404 ex
481 1338 674 1424 supradictis,
689 1339 783 1404 estin
798 1338 915 1404 mundo
930 1339 1015 1405 ordo.
1040 1339 1100 1404 Sed
1114 1347 1226 1424 praeter
1239 1338 1332 1402 finem

228 1451 373 1516 ultimum
396 1460 428 1516 et
449 1450 652 1516 universalem
674 1450 813 1516 omnium
835 1473 948 1530 rerum,
970 1450 1063 1516 multi
1084 1450 1136 1515 alii
1160 1451 1238 1515 fines
1260 1447 1333 1514 sub·

228 1562 361 1629 ordinati
380 1563 414 1627 in
437 1561 555 1628 mundo
575 1561 866 1647 deprehenduntur:
889 1561 933 1627 ita
953 1569 988 1627 ut
1010 1585 1073 1628 una
1094 1570 1231 1628 ereatura
1245 1560 1285 1628 sit
1300 1560 1333 1624 in

228 1674 344 1740 bonum
367 1675 510 1742 alterius:
540 1697 569 1741 v.
593 1697 640 1760 gr.
662 1675 814 1740 elementa
835 1658 959 1760 propter
979 1674 1155 1754 moleoulas,
1177 1672 1332 1740 moleoulae

229 1786 417 1852 diversarum
438 1786 594 1851 rationum
615 1795 739 1871 propter
761 1808 887 1872 corpora
909 1785 971 1852 sive
993 1786 1099 1866 solida,
1122 1786 1184 1851 sive
1205 1785 1331 1870 liquida,

227 1900 290 1964 sive
304 1899 485 1979 airiformia,
496 1921 567 1964 oum
581 1898 699 1964 diversa
712 1898 886 1983 aptitudine
899 1897 939 1962 ad
953 1897 1189 1983 compositiones
1204 1904 1236 1961 et
1250 1918 1332 1962 com-

230 2009 401 2076 binationes
423 2009 571 2095 quasdam
590 2008 816 2088 determinatas,
831 2030 869 2072 ex
890 2008 1002 2093 quibus
1024 2020 1088 2072 tam
1104 2031 1216 2094 magna
1230 2029 1332 2072 rerum

227 2121 354 2187 varietas
376 2129 407 2187 et
427 2120 544 2186 utilitas
570 2127 601 2184 et
625 2118 824 2205 pulchritudo
847 2119 984 2202 exsurgit
998 2118 1059 2184 Dei
1073 2119 1330 2204 magnificentiam

226 2216 395 2318 praedicans
410 2231 557 2297 creaturis
571 2230 781 2296 rationalibus.
818 2231 900 2296 Item
914 2230 1054 2296 videmus
1068 2253 1160 2315 quam
1175 2238 1246 2315 apte
1260 2252 1332 2295 con·

227 2353 352 2409 currant
371 2366 470 2408 causae
484 2365 590 2408 omues
605 2343 645 2416 ad
660 2364 732 2408 suos
746 2342 823 2406 fines
837 2342 999 2427 proximos,
1015 2365 1043 2406 v.
1060 2364 1104 2426 gr.
1122 2343 1201 2406 actio
1217 2341 1332 2421 solaris,

228 2479 321 2536 rores,
348 2455 469 2541 pluviae,
491 2456 607 2519 humus
636 2453 674 2518 ad
700 2453 917 2538 vegetabilium
945 2453 1147 2520 nutritionem
1173 2462 1205 2519 et
1219 2454 1333 2520 :evolu-

227 2568 364 2634 tionem:
402 2590 496 2653 quam
523 2573 734 2651 opportunum
770 2565 953 2630 alimentum
988 2566 1119 2650 singulm
1155 2565 1333 2631 animalium

229 2679 344 2764 species
370 2687 574 2764 praeparatum
597 2677 803 2756 inveniente
828 2677 964 2742 minimis
986 2677 1111 2742 insectis
1130 2677 1169 2743 ad
1187 2678 1333 2743 maximas

227 2788 345 2854 belluas
359 2788 576 2855 discurrendo:
600 2811 691 2874 quam
707 2797 778 2873 apta
790 2789 946 2873 proportio
956 2788 1132 2869 solidorum,
1143 2789 1332 2874 liquidorum

228 2908 260 2964 et
274 2900 494 2980 adriformium,
504 2921 595 2984 quarn
611 2907 683 2983 apta
697 2898 804 2963 caloris
816 2907 846 2962 et
856 2899 989 2984 frigoris,
1000 2899 1144 2965 siccitatis
1153 2909 1184 2964 et
1198 2900 1334 2965 humidi·

228 3011 312 3092 tatis,
327 3020 431 3076 motus
448 3021 479 3076 et
501 3012 613 3097 quietis
628 3009 789 3075 alternatio
803 3010 841 3074 ad
857 3010 996 3076 omnium
1010 3011 1105 3076 vitam
1131 3012 1333 3078 conservatio·

227 3145 361 3208 nemque
381 3123 545 3210 conspiret.
590 3123 671 3187 Item
686 3121 791 3188 eadem
805 3143 854 3186 res
869 3121 962 3187 habet
977 3122 1080 3207 plures
1093 3123 1170 3188 fines
1186 3124 1332 3188 secunda-

228 3235 299 3313 rios,
315 3257 351 3300 ex
372 3234 485 3319 quibus
507 3256 569 3298 una
591 3242 728 3302 creatura
750 3233 782 3298 in
805 3232 971 3318 multiplici
992 3234 1099 3300 ordine
1116 3237 1331 3304 constituitur:

229 3345 272 3410 sic
287 3344 333 3409 sol
348 3345 442 3411 trahit
455 3353 569 3412 terram
589 3353 621 3410 et
640 3345 789 3430 planetas,
811 3345 975 3425 illuminat,
991 3345 1149 3413 calefacit:
1172 3352 1225 3414 ae'r
1239 3348 1332 3414 desti-

229 3465 321 3522 natur
335 3457 374 3522 ad
387 3457 629 3542 respirationem,
645 3456 685 3522 ad
701 3479 846 3523 sonorum
861 3458 1133 3539 transmissionem,
1149 3460 1188 3525 ad
1202 3462 1333 3527 nubium

230 3567 484 3631 sustentationem
500 3575 558 3632 etc.
602 3566 684 3630 Item
698 3566 731 3631 iu
754 3567 908 3633 constanti
928 3568 1097 3653 specierum
1115 3571 1334 3655 propagatione

229 3678 377 3744 mirificus
400 3677 531 3745 habetur
556 3678 651 3744 ordo:
679 3699 798 3763 semper
817 3679 900 3743 enim
919 3701 1049 3765 quercus
1069 3704 1225 3766 quercum,
1240 3683 1334 3768 pinus

229 3789 350 3875 pinum,
365 3790 441 3854 ficus
462 3791 566 3870 ficum,
582 3812 680 3875 equus
701 3813 826 3876 equum,
841 3790 934 3856 bomo
955 3791 1111 3858 homiuem
1134 3803 1270 3878 generat,
1289 3795 1335 3861 ita

230 3910 267 3966 ut
280 3909 347 3966 tota
356 3901 453 3967 virtus
468 3900 618 3986 gignendi
633 3909 762 3987 quaeest
777 3902 810 3966 in
825 3910 991 3987 generante
1004 3905 1179 3970 inveniatur
1192 3907 1225 3970 in
1240 3928 1334 3991 gene·

230 4021 306 4091 rato,
329 4011 369 4077 ad
392 4012 631 4079 continuandam
656 4013 776 4080 eutium
800 4014 1032 4081 successionem.
1076 4015 1127 4080 Ad
1152 4017 1219 4082 haec
1244 4017 1335 4083 datur

230 4144 362 4206 magnus
385 4121 459 4187 ordo
482 4122 515 4186 in
539 4123 638 4188 causis
661 4123 864 4207 generalibus,
879 4147 908 4189 v.
927 4147 973 4209 gr.
1000 4125 1199 4207 attractionis,
1219 4127 1335 4194 illumi·

228 4232 373 4313 nationis,
388 4233 612 4300 calefactionis:
636 4233 679 4298 sic
698 4243 780 4300 terra
799 4243 831 4299 et
852 4235 986 4320 planetae
999 4236 1044 4301 ita
1058 4236 1224 4302 trahuntur
1238 4262 1257 4303 a
1271 4240 1334 4306 sole

231 4352 266 4408 ut
280 4367 381 4431 neque
395 4345 515 4430 possint
529 4367 584 4430 per
598 4354 778 4430 tangentem
792 4347 936 4432 effugere,
952 4371 1008 4414 uec
1026 4358 1177 4434 cogantur
1191 4351 1289 4436 magis
1304 4363 1335 4418 et

1103 4463 1161 4529 rt
