3222 4984
253 405 323 451 car.
340 386 381 471 L]
672 409 715 452 un
733 409 896 454 rurrumo.
1293 395 1356 458 197

251 580 283 637 et
300 595 383 659 seqq.
406 572 456 638 De
469 572 539 638 Deo
552 595 584 638 n.
600 575 646 659 4).
690 575 741 639 Ad
755 575 820 639 haec
835 581 1000 659 conceptus
1013 573 1127 639 infiniti
1141 575 1317 660 praescindit
1337 598 1355 640 a

251 681 453 748 determinato
476 683 613 763 obiect03
643 693 744 770 potest
765 686 846 749 enim
868 685 975 752 haberi
993 685 1026 750 in
1047 693 1149 750 mente
1168 686 1289 752 duratio
1306 687 1354 752 in·

234 795 347 874 finita,
370 795 451 860 linea
471 795 602 874 infinita,
625 795 793 860 multitudo
814 796 954 862 infinita:
977 805 1008 860 et
1031 796 1073 860 sic
1095 796 1247 862 obiectum
1270 797 1354 883 quod

249 906 436 992 imprimeret
448 907 577 992 speciem
589 907 701 971 infiniti
713 916 759 971 est
770 907 1058 974 indeterminatum:
1082 907 1351 972 indeterminatum

249 1026 352 1082 autem
368 1039 424 1082 nec
439 1017 541 1082 existit
555 1019 587 1082 in
603 1040 705 1082 rerum
720 1027 840 1100 natura,
856 1040 912 1082 nee
927 1019 991 1102 agit
999 1045 1009 1098 3
1033 1040 1106 1102 ergo
1121 1041 1183 1106 non
1202 1019 1352 1104 imprimit

249 1130 389 1214 speciem.
434 1129 476 1193 Et
502 1138 722 1215 consequenter
744 1130 813 1194 idea
838 1130 952 1194 infiniti
975 1139 1022 1194 est
1047 1131 1115 1195 idea
1137 1130 1263 1209 factitia,
1287 1153 1350 1195 non

247 1241 433 1321 immediata,
450 1250 481 1305 et
503 1241 672 1326 acquiritur
693 1263 756 1305 non
778 1264 833 1327 per
854 1241 1050 1306 intuitionem
1073 1241 1197 1321 infiniti,
1220 1241 1275 1306 sed
1296 1264 1351 1327 per

247 1351 454 1436 operationem
470 1351 643 1416 intellectus
658 1352 737 1416 circa
750 1352 847 1418 finita.
893 1350 1042 1428 Quaenam
1058 1373 1128 1417 vero
1144 1353 1184 1416 sit
1198 1353 1263 1418 haec
1277 1374 1350 1438 ope·

247 1463 334 1541 ratio,
361 1462 449 1527 lacile
474 1462 618 1527 cernitur.
664 1462 756 1541 Nam,
783 1483 879 1546 quum
905 1461 1029 1526 finitum
1055 1461 1191 1526 dicamus
1216 1464 1250 1526 id
1273 1464 1353 1546 quod

245 1575 372 1657 undique
386 1575 528 1639 limitibus
542 1575 798 1652 circumciditur,
813 1581 898 1658 patet
919 1594 976 1636 uos
999 1594 1061 1637 non
1084 1594 1173 1658 posse
1186 1595 1351 1658 ¹assurgere

246 1708 283 1750 ex
299 1686 387 1750 finito
402 1685 442 1749 ad
454 1694 636 1771 conceptum
650 1685 773 1765 infiniti,
789 1683 850 1749 nisi
863 1683 994 1768 trepondo
1009 1685 1305 1767 circumscriptionem
1319 1693 1350 1748 et

247 1798 378 1862 limitem.
735 1809 737 1814 ’

289 1911 321 1974 3.
350 1909 478 1972 Obiiciea
496 1911 539 1972 1⁰.
564 1907 703 1972 Finitum
720 1906 891 1993 concipitur
909 1928 964 1991 per
983 1906 1175 1990 negationem
1195 1905 1348 1972 ulterioris

244 2018 391 2084 realitatis
420 2041 489 2103 quae
517 2019 555 2083 ab
584 2040 621 2082 eo
649 2017 829 2083 excluditur.
887 2017 948 2082 Sed
978 2017 1104 2081 ulterior
1132 2016 1253 2081 realitas
1279 2040 1348 2102 quae

244 2131 415 2196 excluditur
429 2138 476 2194 est
490 2129 632 2210 infinita,
655 2151 728 2214 ergo
742 2129 865 2192 finitum
887 2127 1059 2214 concipitur
1077 2151 1133 2213 per
1151 2127 1347 2210 negationem

246 2243 370 2307 infiniti.

288 2354 469 2440 Respondeo
484 2355 552 2419 dist.
571 2355 620 2417 M.
635 2374 690 2438 per
704 2351 909 2436 negationem,
924 2349 959 2413 id
972 2358 1019 2414 est
1033 2372 1087 2435 per
1097 2371 1161 2414 non
1171 2350 1346 2414 affirmatio·

244 2489 315 2531 nem
331 2489 386 2530 seu
400 2488 463 2530 non
478 2465 702 2551 perceptionem
717 2462 871 2527 ulterioris
885 2461 1041 2540 realitatis,
1056 2482 1127 2545 quse
1142 2460 1180 2524 ab
1194 2482 1230 2524 eo
1245 2461 1346 2526 exclu-

245 2577 338 2658 ditur,
353 2577 446 2642 idest
461 2599 532 2662 quae
545 2576 579 2640 in
593 2597 629 2641 eo
644 2597 707 2640 non
721 2582 768 2638 est
782 2597 807 2647 c.
825 2575 874 2637 M.
889 2594 944 2657 per
959 2571 1164 2655 negationem,
1180 2571 1212 2635 id
1227 2580 1273 2635 est
1290 2594 1346 2656 per

243 2689 402 2754 formalem
428 2687 630 2752 exclusionem
658 2685 696 2750 ab
719 2683 878 2749 intellectu
895 2683 1007 2747 factam
1027 2681 1180 2746 ulterioris
1199 2679 1345 2745 realitatis

242 2823 273 2865 a.
289 2801 338 2864 M.
355 2801 423 2864 dist.
446 2801 516 2862 min.
539 2797 667 2861 ulterior
687 2795 818 2874 realitas,
839 2816 910 2879 quae
931 2793 1102 2866 excluditur
1127 2793 1192 2876 (seu
1215 2812 1284 2877 quae
1306 2789 1345 2856 de

241 2912 323 2976 facto
337 2931 399 2975 non
415 2909 509 2974 estin
524 2907 709 2990 cntefinito)
724 2914 770 2970 est
790 2905 911 2970 infinita
933 2928 958 2968 c.
976 2906 1048 2968 min.
1065 2903 1193 2968 ulterior
1213 2902 1345 2982 realitas,

243 3047 311 3112 quae
325 3031 495 3111 peractum
509 3019 684 3085 intellectus
693 3017 863 3082 excluditur
873 3040 903 3080 rc.
913 3018 983 3080 min.
996 3024 1027 3080 et
1040 3038 1119 3088 cons.
1158 3011 1344 3100 Supponunt

241 3135 390 3219 Ontologi
404 3133 536 3219 primam
549 3130 649 3194 ideam
663 3128 707 3193 rei
721 3127 817 3192 finitae
830 3148 894 3190 non
908 3147 997 3210 posse
1008 3123 1114 3189 haberi
1125 3124 1185 3188 nisi
1195 3145 1251 3209 per
1261 3146 1343 3189 com-

239 3247 428 3334 parationem
443 3244 482 3308 ad
498 3249 680 3327 conceptum
693 3238 816 3307 infiniti.
852 3237 921 3301 Hoc
936 3244 1038 3300 autem
1054 3244 1101 3300 est
1115 3235 1248 3315 falsum3
1271 3235 1344 3320 quia

240 3357 425 3444 comparatio
454 3354 548 3438 exigit
577 3352 655 3416 duos
680 3351 846 3428 terminos3
872 3355 903 3412 et
928 3355 965 3412 ut
991 3356 1156 3432 conceptus
1182 3346 1343 3432 conceptui

240 3477 432 3555 comparetur
461 3464 551 3530 debet
580 3471 709 3547 uterque
738 3468 903 3544 conceptus
932 3457 1136 3544 praesupponi.
1182 3457 1216 3520 Si
1239 3465 1342 3522 autem

239 3589 404 3665 conceptus
429 3576 473 3642 rei
496 3575 591 3640 finitae
616 3571 901 3660 praesupponendus
924 3578 981 3649 est,
1006 3577 1170 3654 antequam
1195 3570 1249 3632 fiat
1277 3568 1342 3633 haec

239 3690 434 3777 comparatio,
449 3687 604 3753 evidenter
630 3694 796 3768 conceptus
821 3683 865 3747 rei
891 3681 986 3746 finitae
1006 3703 1069 3745 non
1091 3680 1210 3744 cruitur
1229 3701 1265 3743 ex
1285 3679 1342 3744 hac

195 3859 199 3868 .
239 3801 473 3887 comparatione.
516 3797 568 3862 Ad
588 3797 655 3887 haee
671 3805 758 3860 actus
780 3791 1029 3878 apprehendendi
1047 3813 1113 3855 rem
1132 3790 1253 3854 finitam
1278 3811 1341 3854 non

237 3921 286 3978 est
300 3920 385 3977 actus
399 3908 530 3974 faciendi
544 3907 705 3993 positivam
719 3904 924 3969 exclusionem
938 3902 1084 3980 entitatis,
1094 3909 1130 3964 ut
1142 3909 1340 3986 supponunt:

238 4021 439 4110 apprehensio
447 4019 529 4084 enim
538 4025 584 4082 est
593 4017 718 4081 intuitio
726 4015 836 4088 obiecti
848 4037 903 4099 per
912 4013 1041 4096 speciem
1051 4013 1089 4077 ab
1099 4034 1135 4077 eo
1145 4013 1323 4098 impressam
1328 4038 1339 4092 3

237 4135 351 4221 species
373 4140 476 4197 autem
498 4129 562 4194 haec
584 4127 688 4192 obiicit
709 4125 880 4191 intellectui
902 4125 1034 4188 rationes
1049 4123 1224 4187 entitativas
1240 4123 1340 4188 deter-

237 4247 379 4324 minatas,
403 4264 471 4328 quae
494 4241 568 4306 solae
593 4237 884 4325 apprehenduntur:
922 4235 1046 4319 reliquae
1075 4241 1178 4299 autem
1207 4235 1339 4299 rationes

237 4382 304 4444 quae
330 4378 393 4422 non
419 4353 605 4420 obiiciuntur
628 4350 807 4428 intellectui,
835 4370 897 4413 non
927 4346 1209 4433 apprehendimur,
1235 4355 1266 4411 et
1296 4347 1338 4412 sic
