3222 4984
211 370 284 416 ear.
301 352 355 437 ιι.]
647 374 692 416 on
707 373 875 418 rurrurro.
1251 359 1316 421 219

209 533 378 601 millenario
392 561 422 602 v.
438 560 485 622 gr.
501 537 541 602 ad
557 538 770 618 infinitarium,
787 546 925 604 mutatur
946 559 982 602 eo
1003 539 1072 625 ipso
1093 539 1172 605 ratio
1193 543 1315 608 numeri

209 645 349 726 infinite3
372 654 403 711 et
424 655 499 712 tune
522 669 586 734 non
600 649 681 714 valet
699 649 831 734 amplius
849 649 993 734 praedicta
1008 650 1219 732 ratiocinati03
1242 653 1315 736 quia

208 756 280 822 lieet
299 757 458 842 quodlibet
477 758 601 825 finitum
619 759 727 825 debeat
745 743 892 824 infinities
912 761 1019 845 repeti,
1041 769 1077 827 ut
1095 761 1199 826 haberi
1216 763 1314 848 possit

208 869 373 948 infinitum,
386 891 449 934 uon
460 878 564 934 tamen
573 870 646 935 inde
658 871 797 956 sequitur
805 870 890 955 quod
905 871 998 936 etiam
1013 873 1141 956 quodvis
1155 873 1313 940 infinitum

209 981 316 1046 debeat
330 980 477 1046 infinities
492 984 599 1066 repeti,
615 990 651 1046 ut
667 983 706 1046 sit
721 982 753 1046 id
768 983 851 1067 quod
871 990 928 1062 est,
945 983 1059 1048 seilicet
1076 984 1244 1051 infinitum.
1279 986 1312 1050 Si

208 1093 289 1156 enim
304 1092 416 1157 adhoc
430 1101 466 1158 ut
482 1093 522 1156 sit
537 1092 704 1173 infinitum,
721 1092 844 1157 deberet
862 1093 1009 1158 infinities
1027 1096 1118 1175 sumi,
1134 1107 1312 1180 sequeretur

207 1203 290 1288 quod
319 1203 443 1290 aliquod
469 1204 637 1284 infinitum,
663 1213 828 1291 antequam
854 1205 1001 1270 infinities
1024 1215 1205 1289 sumeretur,
1232 1217 1312 1274 esset

206 1314 340 1382 finitum.
384 1315 431 1380 Ex
446 1337 507 1400 quo
521 1315 746 1382 evidentissime
760 1324 854 1401 patet,
869 1315 977 1382 falsam
992 1339 1057 1382 esse
1071 1319 1310 1402 propositionem

206 1436 391 1504 asserentem
406 1426 535 1512 quodvis
549 1427 705 1492 infinitum
721 1449 786 1492 esse
800 1426 947 1491 infinities
961 1427 1128 1492 infinitum.

249 1537 424 1603 Dicendum
443 1538 547 1623 itaque
562 1560 632 1602 eum
649 1537 871 1603 mathematicis
885 1559 949 1601 non
963 1560 1028 1602 esse
1043 1537 1082 1602 de
1095 1550 1245 1624 conceptu
1260 1541 1309 1606 in-

204 1650 283 1714 finiti
298 1650 382 1735 quod
396 1650 436 1715 sit
451 1649 598 1715 infinities
611 1650 779 1728 infinitum,
796 1649 849 1714 sed
865 1649 930 1714 dari
944 1651 1035 1715 etiam
1050 1650 1173 1718 infinite
1190 1651 1309 1738 simpli·

203 1763 279 1826 citer
292 1762 423 1842 infinita,
436 1783 503 1848 quae
517 1761 610 1846 primi
624 1761 740 1826 ordinis
756 1761 910 1826 dicuntur.
957 1761 1007 1826 Sic
1020 1761 1102 1826 linea
1112 1763 1233 1828 infinita
1243 1786 1308 1828 non

203 1884 249 1939 est
271 1874 417 1938 infinities
439 1873 569 1952 infinita,
593 1873 647 1937 sed
668 1881 791 1937 tantum
813 1873 950 1937 eontinet
971 1873 1118 1939 infinities'
1139 1874 1245 1940 finita:
1276 1883 1307 1939 et

202 1985 284 2050 idem
305 1984 387 2050 dieas
408 1984 446 2048 de
468 1983 599 2070 simplici
614 1982 813 2048 multitudine
828 1984 995 2048 unitatum.
1040 1984 1221 2069 Superfieies
1235 2007 1306 2050 vero

203 2097 229 2161 si
243 2096 354 2161 habeat
367 2096 520 2160 infinitam
533 2103 655 2160 tantum
666 2094 903 2180 longitudinem,
916 2097 974 2160 erit
985 2095 1164 2181 simpliciter
1174 2096 1305 2177 infinita,

203 2230 258 2272 seu
280 2207 372 2293 primi
389 2207 523 2272 ordinis:
547 2207 659 2272 sivero
679 2206 790 2271 habeat
810 2207 903 2271 etiam
923 2207 1075 2272 infinitam
1098 2208 1304 2288 latitudinem,

203 2320 262 2383 erit
272 2319 419 2383 infinities
430 2318 561 2399 infinita,
574 2341 628 2383 seu
640 2318 767 2383 secundi
782 2318 907 2382 ordinis.
940 2318 1096 2383 Volumen
1107 2341 1178 2383 vero
1188 2319 1305 2384 habens

201 2438 263 2494 tres
284 2429 487 2495 dimensiones
509 2429 644 2494 infinitas
664 2438 744 2494 esset
763 2429 921 2494 infinitum
940 2430 1024 2494 tertii
1046 2430 1162 2495 ordinis
1182 2438 1212 2494 et
1230 2452 1305 2494 eon·

200 2540 311 2607 tineret
330 2541 477 2607 infinities
497 2541 633 2605 infinitas
655 2540 832 2621 infinitates,
848 2563 944 2626 quum
961 2540 1103 2606 volumen
1117 2541 1304 2627 exprimatur

200 2675 254 2737 per
268 2653 452 2738 productum
468 2676 504 2718 ex
519 2653 772 2718 dimensionibus.

244 2764 513 2850 Argumentationi
529 2786 600 2829 vero
622 2764 859 2829 adversariorum
883 2763 1084 2849 respondetur
1104 2764 1138 2828 in
1158 2765 1255 2829 forma
1270 2786 1301 2830 a.

199 2884 261 2940 unt.
307 2875 389 2940 Nam
403 2875 474 2940 lieet
488 2875 645 2940 infinitum
660 2875 814 2940 contineat
828 2875 949 2940 infinita
962 2875 1090 2955 binaria,
1105 2876 1277 2941 ternaria..
1293 2923 1300 2940 .

198 2995 230 3050 et
259 2987 301 3052 sie
330 3009 450 3073 semper
475 2987 632 3072 indefinite,
659 3009 722 3052 non
751 2997 854 3052 tamen
885 2989 927 3054 sio
957 3011 1075 3073 semper
1101 3008 1199 3074 usque
1225 2988 1300 3053 dum

201 3099 373 3183 attingatur
388 3098 600 3164 infinitarium.

240 3212 293 3274 30.
319 3208 474 3287 Quaeritur
496 3218 710 3288 sextantum
731 3209 849 3294 infinito
871 3211 998 3276 labeant
1019 3212 1097 3276 inter
1118 3232 1149 3274 se
1170 3210 1300 3294 aliquam

196 3323 339 3386 rationem
346 3321 469 3406 finitam
482 3321 529 3385 vel
542 3319 699 3405 infinitam.

240 3434 432 3518 Respondeo,
447 3455 537 3519 posse
551 3432 663 3497 habere
680 3441 713 3497 et
734 3432 853 3497 finitam
872 3441 903 3496 et
925 3433 1088 3514 infinitam,
1103 3441 1134 3498 et
1153 3433 1299 3497 infinities

195 3544 358 3609 infinitam.
404 3545 487 3609 Nam
502 3545 583 3608 linea
597 3545 713 3608 habens
728 3543 913 3629 principium
928 3554 959 3610 et
974 3567 1037 3609 non
1051 3546 1154 3625 finem,
1172 3545 1198 3608 si
1215 3567 1299 3609 eom·

196 3663 319 3738 paretur
334 3654 373 3718 ad
386 3655 498 3719 lineam
514 3675 577 3719 non
591 3654 754 3718 habentem
772 3655 958 3741 principium
978 3677 1034 3720 nee
1053 3657 1157 3735 finem,
1172 3655 1298 3720 habebit

196 3765 333 3830 eamdem
348 3766 497 3831 rationem
512 3788 546 3831 ae
561 3767 665 3830 unitas
679 3766 718 3830 ad
737 3766 902 3832 binarium.
948 3767 1096 3832 Similiter
1116 3768 1208 3832 series
1229 3767 1299 3830 infi-

196 3876 262 3941 nita
270 3897 465 3939 numerorum
475 3876 595 3960 parium
604 3875 729 3940 habebit
737 3875 886 3939 rationem
896 3876 1076 3960 aequalitatis
1085 3899 1155 3942 eum
1166 3876 1242 3941 serie
1251 3877 1300 3941 in·

195 3985 284 4050 finita
292 4006 490 4049 numerorum
500 3985 672 4070 imparium.
718 3985 810 4050 Ratio
822 3994 925 4050 autem
936 3986 1057 4051 infinita
1065 3995 1141 4052 tune
1151 3988 1297 4072 exsurgit,

191 4097 315 4184 quando
335 4095 491 4161 infinitum
517 4095 632 4160 ordinis
656 4095 818 4181 superioris
847 4106 1042 4182 eomparatur
1073 4121 1145 4163 eum
1174 4099 1297 4165 infinito

192 4209 307 4297 ordinis
318 4207 495 4274 immediate
505 4207 666 4272 inferioris.
713 4207 763 4272 Sie
774 4207 801 4271 si
810 4207 978 4272 multitudo
989 4209 1166 4295 impliciter
1177 4209 1297 4274 infinita

536 4322 853 4392 1÷1÷1÷1÷1÷
862 4367 958 4383 ·····
