3240 4986
247 397 316 442 cnr.
333 377 388 460 11.]
696 398 745 439 ns
763 397 893 440 nunno.
1287 376 1349 438 107

171 553 173 558 ¹
246 560 405 644 qnaeritur.
441 558 501 624 Vix
515 567 618 624 autem
633 580 711 645 opus
726 567 773 624 est
787 559 952 638 advertere,
967 556 1149 623 vocabulum
1163 559 1286 621 mbiecli
1302 556 1353 621 lrie

247 669 342 756 accipi
358 670 392 734 in
407 691 500 737 sensu
521 669 620 755 logico
634 677 756 735 tantum
765 696 776 750 ;
800 669 972 735 subiectum
989 668 1072 736 enim
1094 668 1256 754 physicum
1276 688 1349 732 con·

248 781 387 868 sequitur
400 790 503 846 ectum
517 782 648 847 essendi.
692 781 772 846 Vide
786 780 946 866 deprimis
961 779 1119 866 principiis
1135 802 1166 844 n.
1182 781 1235 844 34.

612 1068 799 1114 laricanus
815 1067 996 1113 sncuunus.

639 1201 689 1264 De
695 1199 782 1284 seclo
798 1200 965 1266 creationis.

294 1350 348 1412 32.
370 1347 501 1434 Antiqui
515 1346 698 1432 philosophi,
710 1346 763 1431 qui
778 1346 894 1411 factum
909 1345 1069 1411 creationis
1080 1367 1143 1410 non
1154 1354 1355 1430 agnoverunt,

251 1466 421 1542 posuerunt
432 1457 582 1522 mundum
595 1479 714 1542 semper
725 1457 829 1537 fuisse,
841 1465 872 1522 et
883 1457 1020 1522 infinitas
1030 1480 1132 1522 rerum
1144 1458 1354 1542 generationes

252 1568 311 1634 sibi
333 1571 530 1649 successisse,
560 1571 718 1634 materiam
739 1568 836 1654 igitur
856 1578 1001 1634 aeternam
1023 1591 1098 1649 esse,
1120 1569 1354 1654 improductam,

253 1680 528 1765 improducibilem.
574 1681 665 1745 Hanc
686 1681 845 1746 materiam
859 1680 1065 1760 Democritus,
1080 1682 1233 1766 Epicurus
1250 1691 1281 1747 et
1303 1682 1355 1746 alii

253 1792 356 1876 plmes
376 1793 519 1858 dixerunt
538 1815 604 1858 esse
623 1800 741 1857 atomos
758 1793 875 1859 diverse
891 1793 1048 1878 figuratas,
1064 1815 1133 1878 quae
1152 1793 1281 1859 fortuito
1296 1794 1354 1858 sibi

254 1914 469 1971 concurrentes
498 1904 701 1989 multiplicem
731 1904 868 1969 inierunt
904 1905 1166 1989 compositionem,
1203 1906 1358 1992 rebusquev

255 2015 421 2081 mundanis
434 2023 538 2081 ortum
552 2015 671 2080 dedere.
715 2015 803 2080 Inter
820 2015 1002 2080 recentiores
1016 2037 1087 2080 vero
1109 2015 1281 2081 incredulos
1301 2017 1355 2082 ali-

256 2127 309 2211 qui
331 2126 388 2192 bos
409 2125 548 2192 ethnicos
570 2126 694 2211 sequuti
715 2134 800 2206 sunt,
814 2126 866 2190 alii
883 2149 954 2191 enm
972 2124 1155 2211 pantheistis
1170 2128 1269 2212 magis
1283 2149 1354 2192 oon-

257 2248 433 2304 senserunt:
466 2246 508 2316 et
523 2239 598 2303 dum
624 2238 826 2303 substantiam
848 2238 909 2302 Dei
935 2261 953 2302 a
972 2237 1145 2302 substantia
1163 2238 1272 2302 mundi
1294 2261 1357 2304 non

257 2351 346 2435 plene
368 2350 575 2434 distinguunt,
596 2372 632 2414 eo
654 2349 722 2434 ipso
743 2349 859 2414 factum
881 2349 1042 2414 creationis
1063 2348 1210 2434 implicite
1230 2362 1355 2434 negent.

259 2463 326 2527 Hos
340 2471 509 2547 postremos
524 2484 621 2546 quum
635 2462 696 2526 iam
711 2461 954 2542 refutaverimus,
969 2460 1009 2525 de
1022 2461 1157 2546 antiquis
1169 2460 1242 2525 solis
1253 2483 1356 2548 super-

257 2582 303 2638 est
318 2573 435 2658 aliquid
449 2572 623 2638 dicendum.
1021 2567 1026 2575 '

300 2687 354 2749 33.
377 2669 535 2762 Qbaeritnr
548 2707 621 2768 ergo
635 2686 745 2770 primo,
759 2708 799 2749 oo
811 2685 977 2750 ndetootic
990 2685 1152 2749 materialia
1165 2687 1205 2749 eit
1219 2708 1238 2749 o
1252 2707 1292 2750 ee.

302 2795 484 2880 Respondeo
506 2796 656 2879 negative.
702 2795 784 2860 Nem
806 2817 862 2859 ens
883 2817 901 2858 a
923 2818 956 2859 se
976 2804 1024 2860 est
1042 2796 1161 2860 infinite
1177 2795 1358 2880 perlectum,

258 2906 478 2992 independens,
501 2905 701 2984 immutabile,
724 2905 861 2986 unicum,
884 2906 1079 2986 immensum,
1102 2905 1279 2992 intelligens
1300 2915 1359 2987 etc,

259 3026 294 3084 ut
309 3018 426 3083 dietum
441 3027 488 3082 est
502 3018 535 3081 in
549 3025 684 3082 tractatu
706 3017 745 3082 de
759 3017 837 3082 Deo,
882 3016 980 3102 Atqui
1000 3016 1174 3082 substantia
1194 3018 1358 3084 materialis

167 3203 169 3207 ¹
258 3139 305 3194 est
321 3129 417 3194 finitae
438 3127 643 3214 perfectionis,
658 3151 754 3213 quum
770 3128 810 3208 sit
824 3127 920 3192 finitae
934 3128 1066 3209 virtutis,
1082 3128 1234 3214 dependet
1248 3131 1287 3194 ab
1302 3131 1361 3195 alia

260 3243 396 3322 materia,
412 3251 459 3307 est
474 3242 644 3328 multiplex,
659 3242 752 3308 babet
769 3242 986 3327 passivitatem,
1001 3243 1104 3307 existit
1123 3244 1156 3307 in
1177 3251 1294 3328 puncto
1312 3244 1360 3307 in-

259 3355 402 3420 divisibili
423 3365 557 3435 tantum,
579 3355 697 3420 nullam
718 3354 811 3419 babet
833 3354 1080 3439 intelligentiam,
1098 3356 1278 3439 sapientiam
1300 3366 1359 3422 etc.

259 3469 343 3553 Ergo
358 3467 530 3532 substantia
545 3467 709 3532 materialis
723 3489 786 3531 non
801 3474 848 3532 est
863 3487 881 3530 a
896 3488 938 3532 se.
983 3466 1066 3551 Ergo
1086 3466 1209 3552 singula
1228 3470 1361 3534 materiae

259 3578 410 3643 elementa
424 3587 498 3644 sunt
512 3579 551 3643 ab
566 3579 635 3644 alio.

303 3692 357 3754 34.
382 3689 537 3766 Quaeritur
552 3688 696 3768 secundo,
708 3711 748 3753 oo
761 3690 926 3752 substantio
939 3689 1101 3752 materialis
1114 3711 1152 3752 ec
1165 3690 1257 3754 neoto
1263 3690 1361 3774 licerit

260 3801 415 3864 edocendo.

305 3910 488 3994 Respondeo
503 3909 689 3973 affirmative.
733 3908 775 3972 Et
789 3907 889 3992 primo
902 3906 962 3971 fuit
976 3907 1120 3971 edocendo
1134 3929 1171 3971 eo
1191 3907 1259 3991 ipso
1278 3908 1361 3993 quod

261 4042 324 4086 non
339 4029 387 4086 est
401 4044 419 4085 a
433 4043 476 4085 se.
520 4021 594 4084 Fuit
608 4027 710 4084 autem
726 4041 763 4083 ee
777 4019 869 4082 ottilo
889 4017 1054 4095 educenda,
1070 4017 1142 4102 quia
1157 4017 1182 4081 si
1197 4026 1362 4101 poneretur

261 4133 362 4218 primo
383 4131 494 4197 educta
514 4153 551 4196 ex
572 4131 674 4215 aliquo
695 4130 853 4209 existente,
867 4129 926 4194 hoc
947 4128 1062 4214 aliquid
1084 4129 1260 4214 ponendum
1282 4139 1362 4196 esset

260 4244 308 4310 vel
322 4267 342 4309 a
355 4267 386 4310 se
400 4244 541 4323 existens,
557 4242 605 4308 vel
619 4245 656 4307 ob
671 4243 739 4307 olio.
785 4241 858 4306 Non
876 4240 977 4326 potuit
997 4240 1123 4305 materia
1140 4239 1229 4305 educi
1250 4263 1287 4306 ex
1306 4242 1361 4306 ali·

261 4377 323 4441 quo
344 4379 364 4420 o
384 4377 416 4420 ee
437 4355 606 4432 existente,¹
628 4353 701 4440 quia
722 4353 806 4440 quod
828 4377 845 4418 a
868 4375 899 4418 se
921 4352 1023 4418 existit
1045 4360 1092 4417 est
1113 4351 1315 4434 immutabile,
1330 4363 1361 4419 et
1424 4332 1430 4342 ’
