3222 4984
255 394 327 439 car.
345 375 399 459 ra]
690 397 734 441 na
749 395 913 441 rurrurro.
1291 375 1353 438 211

254 563 321 628 loco
346 567 501 631 comodum
526 568 722 632 cctoosioacm
745 569 872 632 rotiouic
893 567 984 646 illiue,
999 589 1063 650 quo
1087 573 1209 630 vocatur
1234 563 1354 628 albedo:

254 673 423 739 secundum
445 675 530 740 aliud
550 685 663 756 tamen,
680 700 734 743 seu
755 678 910 743 comodum
930 699 991 742 eoae
1012 685 1125 741 notare
1145 675 1290 760 marialis,
1305 695 1355 738 res

254 787 343 851 finita
364 787 485 869 dicitur,
501 786 616 854 scilicet
631 788 793 854 intensive.

702 1043 843 1109 CAPUT
866 1044 912 1109 II.

510 1205 563 1262 DE
579 1205 743 1262 INFINITI
759 1204 1101 1263 PROPRIETATIBUS.

301 1353 354 1416 20.
379 1351 536 1428 Quaeritur
545 1353 654 1438 primo,
667 1377 706 1419 co
714 1362 842 1420 mutetur
851 1354 950 1419 valore
960 1352 1107 1439 infinitum
1114 1374 1173 1437 per
1183 1351 1359 1415 additionem

257 1465 304 1528 cel
316 1465 542 1530 subtractionem
554 1465 650 1550 finiti.

301 1575 493 1661 Respondec‚
508 1576 675 1656 infinitum,
686 1577 789 1642 stricte
803 1576 967 1664 loquendo,
976 1599 1040 1641 non
1055 1574 1167 1640 mutari
1181 1571 1359 1650 formaliter,

257 1686 352 1751 immo
365 1708 422 1752 nec
437 1687 634 1753 materialiter
647 1711 701 1774 per
715 1687 902 1754 additionem
913 1688 1004 1754 finiti.
1050 1687 1140 1766 Quod
1151 1686 1223 1772 quia
1238 1705 1360 1751 necesse

257 1809 305 1867 est
319 1802 397 1868 bene
418 1787 599 1888 intelligere,
615 1804 875 1894 demonstratione
897 1805 1114 1869 mathematica
1135 1803 1215 1868 clara
1234 1809 1266 1866 et
1280 1798 1361 1865 facili

257 1923 337 1980 utar.
384 1915 431 1979 Sit
447 1915 612 1981 dividenda
627 1915 728 1981 unitas
743 1939 798 2002 per
812 1920 845 1981 3.
890 1914 1087 1981 Procedendo
1108 1937 1163 2001 per
1176 1920 1266 1977 notas
1280 1910 1362 1976 deci·

258 2025 363 2104 males,
386 2027 550 2092 habebitur
569 2027 712 2112 quotiens
732 2027 797 2092 sine
816 2028 880 2120 fine
900 2026 1138 2106 continuandus,
1153 2025 1186 2089 id
1203 2032 1260 2105 est,
1275 2022 1362 2090 cuius

259 2146 361 2223 partes
375 2139 511 2224 partium
525 2161 590 2202 non
604 2138 720 2203 habent
735 2139 839 2219 finem,
850 2139 991 2204 videlicet

559 2253 833 2340 ,ποῶ-13333.
851 2300 860 2316 .
877 2299 885 2316 .
903 2251 1081 2337 .eiocsine,·
1192 2297 1196 2307 .

214 2417 219 2423 .
260 2359 344 2445 quod
358 2369 404 2424 est
419 2361 542 2426 evidens
559 2384 614 2447 per
631 2361 863 2443 arithmeticam,
882 2370 913 2427 et
930 2385 948 2428 a
965 2361 1067 2448 pueris
1081 2359 1156 2445 ipsis
1171 2357 1363 2442 intelligitur.

262 2471 329 2536 Iam
348 2472 375 2537 si
391 2480 557 2560 utrumque
577 2474 750 2538 membrum
768 2473 948 2560 aquationis
969 2473 1190 2559 multiplicetur
1200 2494 1256 2556 per
1267 2473 1298 2551 3,
1312 2492 1363 2534 ex-

262 2591 367 2669 surget

634 2697 884 2776 1=0‚9999999
901 2743 909 2760 .
926 2745 934 2760 .
952 2740 988 2774 ..

262 2827 330 2892 quae
349 2807 480 2891 aequatio
496 2805 554 2871 erit
576 2806 721 2892 rigoroso,
737 2805 764 2872 si
786 2807 877 2872 series
899 2805 1094 2872 decimalium
1116 2803 1307 2889 intelligatur
1330 2802 1364 2867 in

261 2916 417 2981 infinitum
433 2939 465 2980 sa
478 2917 652 2984 extendere.

309 3027 342 3091 Si
357 3049 441 3092 nunc
456 3035 623 3113 utrumque
632 3027 804 3093 membrum
822 3027 1045 3114 multiplicatur
1054 3047 1109 3114 per
1119 3029 1170 3106 10,
1181 3027 1256 3107 100,
1268 3027 1363 3104 1000,

264 3186 272 3203 .
290 3186 299 3204 .
315 3189 323 3204 .
342 3187 350 3203 .
366 3147 459 3204 erunt
474 3139 641 3205 successive

626 3253 897 3330 10=9,999999.
916 3298 924 3315 .
941 3297 950 3316 .
967 3299 974 3316 .

606 3363 876 3442 100=99,99999
891 3409 900 3428 .
917 3409 926 3427 .
942 3411 949 3426 .
967 3411 975 3427 .

584 3475 899 3554 1000=999,99999
916 3521 923 3537 .
942 3521 975 3538 ..
1284 3531 1291 3542 .

265 3576 308 3639 ita
322 3583 358 3639 ut
373 3575 597 3640 transferantur
612 3598 731 3660 semper
745 3583 794 3640 tot
808 3584 889 3641 notae
903 3580 924 3642 9
936 3573 976 3640 ad
990 3574 1154 3654 sinistram,
1163 3582 1240 3660 quot
1248 3573 1364 3640 haben-

267 3696 318 3749 tur
332 3689 354 3750 0
369 3695 438 3772 post
454 3686 604 3751 unitatem
619 3687 652 3750 in
667 3687 766 3771 primo
777 3687 925 3752 membro.
970 3687 1005 3751 Si
1023 3707 1096 3770 ergo
1110 3686 1321 3771 concipiantur
1332 3685 1364 3748 in

266 3797 366 3881 primo
380 3798 516 3863 membro
531 3797 636 3863 addita
649 3798 770 3863 infinita
778 3821 857 3879 zero,
873 3797 1029 3863 transferri
1043 3797 1248 3883 concipiemus
1259 3819 1365 3861 omnes

270 3917 359 3973 notas
373 3911 395 3973 9
410 3909 449 3973 ad
464 3909 628 3988 sinistram,
644 3919 676 3975 et
691 3910 857 3995 disparebit
871 3931 942 3996 pars
957 3908 1130 3974 decimalis:
1152 3907 1236 3974 unde
1249 3907 1308 3974 erit

577 4024 706 4086 100000
723 4070 730 4086 .
748 4069 756 4086 .
773 4069 782 4087 .
800 4024 1054 4088 .=99999....

312 4130 351 4194 ln
366 4132 424 4195 hac
438 4139 541 4195 antem
556 4132 735 4217 aequatione,
751 4141 881 4217 quaeest
899 4134 1044 4218 rigoroso,
1060 4132 1226 4198 dummodo
1247 4142 1367 4199 utrum·

267 4262 328 4327 que
353 4241 527 4306 membrum
553 4243 743 4328 concipiatur
766 4243 800 4308 in
826 4245 983 4309 infinitum
1008 4243 1190 4325 continuari,
1212 4244 1367 4310 evidenter

267 4353 404 4437 primum
419 4353 591 4418 membrum
606 4375 668 4418 una
682 4354 800 4419 unitate
821 4354 923 4419 differt
938 4378 957 4419 a
971 4354 1122 4419 secundo:
1145 4364 1176 4419 et
1194 4355 1251 4419 hoc
1265 4362 1369 4419 tamen

1140 4487 1158 4528 r
1174 4469 1195 4530 2
