3222 4984
272 327 337 391 232
703 345 747 389 nn
764 344 930 389 inrumpo.
1216 326 1303 410 [cnr.
1320 346 1376 391 111.

272 511 402 576 terium:
436 511 489 597 qui
512 511 662 576 terminus
685 533 722 576 ex
747 534 780 576 se
804 511 868 576 solo
886 519 966 576 esset
990 509 1214 595 magnitudinis
1234 512 1373 578 infinitae.

271 622 313 687 Et
327 645 364 688 ex
378 622 435 688 hon
449 631 534 708 petet
554 631 651 688 totum
674 645 826 687 summam
842 623 929 687 seriei
949 622 1014 687 lore
1034 622 1181 688 infinities
1198 623 1374 704 infinitnm3

272 744 302 799 et
321 734 390 800 ideo
409 733 480 800 telis
500 757 620 800 summo
643 734 754 800 resolvi
778 743 880 820 potest
904 734 937 798 in
960 735 1114 800 infinitam
1140 731 1372 800 multitudinem

272 844 417 908 serierum
431 844 662 910 elementarium
677 843 856 930 simpliciter
870 844 1072 925 infinitarum,
1088 845 1186 930 qualis
1200 854 1248 910 est
1263 846 1327 910 haee

609 959 929 1029 l÷l÷l÷l÷1÷

271 1066 406 1132 Termini
418 1055 503 1151 vergo
529 1067 617 1132 seriei
639 1066 769 1131 infinitus
785 1089 984 1131 numerorum
1004 1067 1201 1147 naturalium,
1219 1076 1373 1152 quatenus

270 1187 401 1263 possunt
426 1201 491 1244 esse
516 1187 618 1263 partes
641 1178 734 1242 unius
757 1200 793 1242 ex
817 1178 947 1243 infinitis
973 1179 1109 1244 seriebus
1138 1179 1373 1244 elementaribus

273 1292 436 1377 praedietis,
451 1293 639 1357 constituent
654 1291 883 1357 infinitudinem
904 1290 1073 1373 finitorum,
1087 1301 1119 1356 et
1134 1301 1285 1378 quotenus
1296 1294 1374 1358 'sunt

269 1415 371 1489 partes
381 1404 478 1490 ipsius
492 1404 579 1469 seriei
593 1403 739 1469 inlinities
753 1402 881 1467 infinitae

571 1515 1074 1599 00(1÷1÷1÷l÷1÷....)

272 1627 465 1692 constituunt
479 1627 708 1693 inlinitudinem
722 1625 934 1690 infinitorum:
966 1623 1050 1710 quod
1071 1647 1168 1710 quum
1188 1625 1229 1690 sit
1243 1625 1373 1691 clarissi-

269 1762 366 1820 mum,
382 1741 520 1826 sequitur
533 1741 650 1805 nullum
665 1763 730 1805 esse
741 1737 976 1825 repugnantium
998 1737 1032 1801 in
1053 1737 1254 1803 multitudine
1275 1739 1369 1804 etism

269 1849 415 1916 inlinities
429 1851 559 1916 infinita.

311 1966 411 2029 Dices.
451 1964 483 2028 si
495 1973 646 2029 cremetur
659 1962 826 2028 multitudo
841 1985 943 2028 rerum
957 1962 1104 2027 infinities
1115 1962 1245 2042 infinite,
1255 1963 1369 2029 exhau-

269 2075 379 2140 riretur
394 2076 616 2162 omnipotentia
630 2076 700 2142 Dei.
744 2076 829 2158 Ergo
843 2082 995 2158 repugnat
1010 2072 1080 2138 telis
1095 2073 1273 2140 multitudo.

313 2188 495 2274 Respondeo
509 2211 539 2252 n.
554 2198 616 2253 ant.
629 2188 701 2273 quia
716 2187 837 2251 infinito
851 2196 882 2251 et
893 2186 1039 2251 infinities
1053 2187 1175 2252 infinito
1190 2186 1255 2252 duri
1271 2197 1372 2272 potest

269 2298 386 2384 aliquid
407 2300 506 2364 maius
525 2300 559 2364 in
581 2299 748 2379 infinitum,
763 2320 859 2383 quum
878 2298 912 2360 in
935 2297 1065 2362 infinitis
1088 2297 1178 2362 detur
1198 2297 1280 2362 idem
1299 2320 1368 2383 pro-

268 2431 370 2474 cessus
384 2410 591 2494 potentiarum
606 2408 835 2493 algebricsrum,
852 2407 906 2492 qui
921 2407 1012 2472 datur
1025 2407 1059 2471 in
1077 2408 1194 2474 finitis:
1228 2409 1368 2494 omnipo-

268 2521 365 2586 tentia
379 2530 481 2586 autem
496 2521 556 2585 Dei
571 2520 707 2585 extendit
722 2543 754 2584 se
768 2519 807 2584 ed
821 2519 1053 2584 multitudinem
1068 2541 1171 2584 rernm
1185 2541 1249 2584 non
1267 2520 1367 2585 solnm

267 2633 420 2698 infinitam
430 2633 522 2717 primi
536 2641 590 2696 aut
605 2632 731 2696 secundi
753 2631 879 2710 ordinis,
895 2630 948 2695 sed
963 2631 1181 2717 cuiuscumque
1204 2631 1368 2716 superioris

265 2753 297 2810 et
314 2745 476 2831 superioris
492 2744 524 2809 in
538 2744 705 2808 inlinitum.

308 2860 361 2922 lo.
389 2859 515 2922 Obiieiee
544 2860 587 2921 5⁰.
623 2854 796 2920 Multitudo
830 2854 950 2918 infinite
986 2853 1078 2918 debet
1111 2854 1367 2946 comprehendere

263 2990 370 3032 omnes
384 2990 546 3034 numeros:
568 2968 621 3033 sed
635 2975 788 3053 repugnat
802 2966 969 3031 multitudo
984 2966 1245 3050 eomprehendens
1259 2987 1365 3031 omnes

263 3101 427 3159 numerem
449 3100 532 3164 ergo.
578 3079 680 3145 Maior
701 3085 830 3157 constet,
846 3078 918 3162 quis
938 3076 1095 3141 inlinitum
1118 3076 1209 3141 debet
1228 3099 1364 3162 eompre-

263 3191 396 3257 hendere
418 3213 541 3272 omnem
570 3191 619 3255 sui
639 3191 759 3274 generis
784 3188 1018 3274 plenitudinem.
1073 3187 1178 3253 Minor
1207 3188 1363 3274 probatur.

265 3303 360 3369 Nullo
373 3311 421 3367 est
435 3302 612 3382 multitudo,
628 3324 689 3386 qus
702 3301 798 3365 maior
820 3300 886 3365 dari
901 3321 964 3362 non
978 3298 1093 3383 possit:
1117 3298 1172 3363 sed
1186 3298 1363 3378 multitudo,

263 3438 324 3500 qua
338 3414 435 3478 maior
449 3413 514 3479 dari
528 3421 640 3498 potest,
654 3434 719 3476 non
740 3409 969 3496 eomprehendit
984 3430 1089 3473 omnes
1104 3431 1268 3488 numeros3
1291 3433 1365 3494 ergo

261 3526 348 3592 nulle
369 3535 416 3590 est
445 3525 613 3589 multitudo
636 3522 896 3608 comprehendens
919 3544 1026 3585 omnes
1051 3543 1204 3585 numeros.
1259 3522 1364 3586 Huius

261 3638 430 3726 syllogismi
450 3636 551 3700 minor
565 3645 611 3700 est
626 3657 680 3719 per
694 3657 726 3698 se
740 3641 831 3713 nota3
854 3632 951 3696 maior
964 3630 1112 3717 probatur
1121 3655 1131 3711 3
1154 3631 1278 3696 sienim
1292 3633 1363 3698 tulis
1408 3679 1412 3687 -

261 3750 429 3816 multitudo
453 3757 533 3814 esset
556 3747 726 3825 hominum,
753 3744 849 3810 maior
872 3752 952 3808 esset
974 3742 1140 3808 multitudo
1170 3742 1361 3828 capillorum.

258 3863 307 3927 Its
323 3860 504 3926 Goudinius.

303 3972 486 4058 Respondeo
511 3972 579 4035 dist.
595 3971 645 4034 M.
669 3991 776 4034 omnes
799 3989 944 4032 numeros
969 3965 1070 4052 quoad
1093 3965 1226 4051 speeiem
1252 3988 1277 4030 o.
1297 3968 1359 4046 M„

258 4086 357 4173 quoad
387 4083 543 4151 individue
566 4106 597 4147 n.
612 4083 662 4146 M.
683 4090 714 4146 et
735 4081 867 4146 contrad.
883 4082 952 4144 min.
968 4102 999 4142 n.
1015 4101 1092 4143 oens.
1151 4077 1234 4141 Nem
1260 4078 1360 4162 posits

256 4198 378 4263 infinita
402 4194 600 4261 multitudine
626 4193 801 4258 continente
823 4213 946 4256 omnem
969 4189 1100 4275 speeiem
1118 4187 1249 4268 numeri,
1265 4212 1294 4253 v.
1310 4212 1357 4274 gr.

255 4307 433 4387 ternarium,
453 4306 657 4372 millenarium
681 4313 749 4385 eto„
774 4303 874 4368 adhuc
902 4309 1033 4389 possunt
1057 4300 1131 4386 poni
1161 4299 1228 4365 nliae
1250 4300 1356 4365 multi-
