3222 4984
276 347 340 412 190
586 367 629 411 nn
645 365 791 410 rameru
809 365 866 410 nni
884 367 921 411 rr
938 365 1069 410 norro.
1220 346 1304 430 [err.
1322 365 1376 408 111.

275 531 395 597 bardam
420 534 580 618 effectibus,
606 534 708 620 inquit
729 535 763 600 S.
777 533 910 600 'l'homas
929 535 974 619 (p.
999 537 1028 599 1.
1052 555 1082 619 q.
1106 535 1160 599 22.
1187 556 1214 598 a.
1234 535 1280 618 4),
1295 536 1379 598 Deae

267 647 565 728 properavitccacae
578 649 766 726 aremorica,
781 656 815 711 at
835 649 996 711 necessario
1018 648 1182 711 euenirent:
1206 647 1377 730 quibudam

272 777 339 821 aero
351 778 456 820 coram
469 759 676 842 contingentes,
692 766 726 822 at
741 760 887 822 evenirent
909 759 1117 841 coatiapenter,
1132 759 1286 822 secandam
1308 781 1376 822 coa·

273 868 410 932 ditionem
433 871 638 952 proximarum
667 891 830 934 comarum.
877 868 969 945 Quod
999 870 1025 934 si
1050 869 1143 935 homo
1166 893 1221 955 per
1246 870 1377 935 abusum

272 977 420 1044 libertatis
435 987 467 1044 et
481 1001 535 1064 per
549 981 701 1065 propriam
717 980 830 1044 malam
844 980 1067 1064 providentiam
1087 980 1288 1045 contrarietur
1308 1004 1376 1064 pro·

271 1088 412 1155 videntia
437 1091 556 1172 divinae,
582 1091 642 1156 iam
665 1091 807 1170 vidimus,
831 1092 934 1156 Deum
958 1091 990 1155 in
1018 1114 1073 1156 sua
1098 1092 1288 1177 providentia
1311 1092 1377 1178 ipsa

272 1201 383 1267 habere
396 1205 552 1268 remedium
567 1224 629 1287 quo
643 1203 737 1267 etiam
752 1202 790 1266 de
806 1203 893 1267 malis
908 1202 990 1266 bona
1004 1202 1104 1266 faciat.

315 1316 369 1378 48.
393 1312 553 1389 Quaeritur
567 1315 740 1394 undecim,
755 1337 796 1378 aa
805 1317 889 1379 Deus
903 1315 1010 1378 tabeat
1023 1314 1178 1398 specialem
1188 1315 1224 1378 de
1234 1316 1378 1378 creaturis

270 1428 466 1492 rationalibus
474 1428 699 1511 providentiam.

316 1538 498 1623 Respondeo
521 1540 708 1603 affirmative.
754 1537 836 1602 Nam
859 1538 933 1603 solae
955 1547 1102 1602 creaturae
1124 1537 1286 1602 rationales
1304 1547 1377 1602 sunt

271 1647 386 1728 liberae,
398 1657 429 1713 et
443 1670 507 1713 non
523 1649 622 1714 solum
637 1649 677 1714 ad
691 1649 784 1712 finem
799 1648 979 1713 naturaliter
993 1657 1163 1728 moventur,
1180 1648 1260 1714 sicut
1274 1651 1378 1722 omnia

272 1759 341 1839 alia,
368 1759 422 1824 sed
446 1761 559 1844 seipsas
582 1768 705 1824 movent
731 1768 762 1824 et
788 1760 928 1845 dirigunt
943 1760 982 1824 ad
1004 1761 1116 1825 finem:
1139 1771 1170 1828 et
1190 1783 1227 1824 er
1248 1762 1306 1825 hoc
1330 1783 1376 1826 se-

272 1868 378 1954 quitur
392 1869 476 1954 quod
491 1880 639 1936 creaturae
654 1870 816 1936 rationales
831 1878 862 1935 et
876 1870 1042 1956 procedant
1058 1871 1098 1936 ad
1111 1872 1205 1936 finem
1224 1872 1263 1937 ad
1285 1895 1375 1958 quem

272 1980 373 2046 aDco
395 1980 583 2066 diriguntur,
598 1990 630 2046 et
652 1981 691 2046 ad
713 1982 806 2046 finem
829 1982 868 2046 ad
890 2004 982 2066 quem
1006 2005 1038 2046 se
1060 1983 1209 2066 dirigrmt,
1226 1984 1305 2048 sicut
1327 2005 1377 2048 ex·

271 2091 449 2176 plicavimus
474 2115 565 2178 supra
591 2093 635 2177 (n.
651 2095 718 2177 35).
763 2093 848 2157 Hine
871 2093 1061 2178 providentia
1087 2093 1199 2173 divina,
1220 2094 1253 2157 in
1279 2117 1377 2179 quan-

271 2212 340 2269 tum
373 2205 412 2269 ad
445 2205 698 2289 gubernationem
729 2213 936 2270 creaturarum
966 2205 1161 2270 rationalium
1197 2206 1376 2291 applicatur,

270 2315 373 2381 differt
395 2338 413 2381 a
434 2316 634 2400 providentia,
658 2338 720 2401 qua
741 2338 790 2380 res
815 2316 1005 2381 irrationales
1028 2316 1250 2401 gubernantur,
1276 2317 1375 2402 dupli-

271 2427 366 2492 citer:
403 2428 503 2511 primo
532 2428 605 2513 quia
633 2427 728 2492 altera
756 2429 790 2492 in
819 2428 947 2493 scientia
977 2427 1156 2513 simpliciter
1184 2429 1376 2513 possibilium

269 2538 389 2618 nititur,
405 2538 499 2604 alteia
514 2561 584 2603 vero
598 2539 632 2603 in
648 2539 773 2604 scientia
787 2539 1004 2619 conditionata,
1020 2561 1075 2604 seu
1089 2539 1208 2606 media:
1231 2540 1374 2621 meando,

269 2650 350 2734 quia,
375 2671 473 2735 quum
499 2659 637 2714 creatura
660 2650 816 2714 rationalis
842 2650 1002 2734 dirigatur,
1024 2650 1134 2714 saltem
1156 2650 1373 2732 conditionate,

270 2760 310 2825 ad
324 2760 557 2842 beatitudinem,
568 2762 656 2827 cuius
678 2784 802 2847 capaces
824 2785 886 2826 non
910 2771 983 2826 sunt
1006 2772 1154 2828 creaturae
1175 2762 1374 2840 irrationales,

269 2873 462 2958 providentia
490 2875 561 2955 Dei,
591 2882 627 2938 ut
656 2875 781 2958 respicit
809 2885 896 2938 actus
933 2884 1080 2939 creaturae
1115 2873 1282 2955 rationalis,
1312 2896 1374 2939 non

270 2983 377 3068 dirigit
400 2985 499 3048 solum
521 2985 661 3050 absolute
683 2984 722 3048 ad
744 2985 1021 3049 manifestationem
1036 2985 1149 3052 divinae
1164 2985 1280 3070 gloriae,
1296 2985 1374 3050 sicut

268 3093 302 3158 in
325 3094 442 3160 caeteris
464 3096 618 3174 creaturis,
635 3096 688 3160 sed
710 3095 800 3160 etiam
817 3095 856 3160 ad
867 3096 1088 3161 beatitudinem
1103 3106 1251 3163 creaturae
1265 3096 1372 3182 ipsius,

269 3206 377 3270 saltem
395 3206 611 3287 conditionate,
627 3207 834 3286 obtinendam,
851 3207 884 3272 id
903 3218 959 3287 est,
974 3208 1034 3272 nisi
1054 3217 1191 3273 creatura
1210 3208 1289 3288 haec,
1304 3230 1374 3294 quae

268 3317 362 3383 habet
376 3319 530 3403 propriam
542 3320 603 3383 vim
612 3318 774 3384 ordinandi
789 3342 821 3383 se
836 3319 874 3384 ad
886 3342 972 3384 suam
984 3319 1216 3400 beatitudinem,
1228 3320 1374 3385 abutatur

269 3451 324 3494 sua
346 3429 497 3510 libertate,
513 3440 544 3496 et
567 3455 585 3496 a
610 3432 672 3496 fine
695 3454 728 3496 se
754 3439 880 3496 avertat.
927 3431 1030 3508 Quare
1047 3432 1237 3517 providentia
1251 3432 1322 3512 Dei,
1337 3441 1373 3496 ut

269 3540 350 3605 cadit
380 3542 414 3606 in
450 3551 619 3607 creaturam
648 3541 839 3622 rationalem,
868 3542 962 3607 habet
991 3543 1137 3607 maiorem
1166 3544 1372 3610 extensionem

269 3662 393 3738 propter
415 3655 613 3739 capacitatem
635 3653 835 3719 beatitudinis
856 3653 889 3718 in
911 3654 969 3720 hac
984 3664 1121 3720 creatura
1135 3654 1326 3734 existentem,
1341 3664 1373 3720 et

269 3766 369 3848 quoad
387 3768 463 3830 banc
477 3775 597 3850 partem
617 3774 665 3831 est
687 3766 903 3845 conditionata,
918 3775 1044 3851 propter
1065 3767 1196 3830 liberum
1211 3766 1372 3832 arbitrium

269 3886 422 3944 creaturae.
472 3879 540 3944 Hoc
569 3887 671 3944 autem
701 3901 764 3944 non
793 3879 886 3943 officit
915 3877 1091 3943 certitudini
1120 3879 1232 3944 divinae
1261 3879 1372 3964 guber-

269 3990 414 4070 nationis,
429 3999 465 4056 ut
481 3991 597 4056 dictum
612 4001 658 4057 est
673 4016 705 4056 n.
721 4014 814 4077 praec.

312 4099 428 4167 Praeter
441 4103 663 4187 providentiam
678 4103 847 4168 naturalem
864 4103 954 4168 datur
966 4104 1057 4167 etiam
1067 4102 1258 4188 providentia
1267 4124 1372 4186 super-

269 4211 427 4290 naturalis,
439 4211 476 4276 de
492 4235 552 4297 qua
567 4235 629 4277 non
645 4213 777 4297 pertinet
788 4213 826 4277 ad
838 4213 1036 4298 philosophos
1046 4213 1140 4298 loqui.
1185 4213 1256 4277 Dici
1268 4221 1371 4276 tamen

270 4318 368 4398 obiter
381 4331 492 4405 potest,
508 4323 615 4387 iisdem
638 4323 700 4387 fere
719 4324 876 4409 principiis
894 4336 1056 4411 utramque
1078 4324 1299 4410 providentiam
1320 4325 1375 4388 de·
