3222 4984
290 332 357 398 206
728 353 771 399 nn
788 353 953 400 rurrurro.
1265 338 1352 424 [cnr.
1370 360 1394 402 1.

288 514 387 596 initio,
403 523 478 580 tunc
500 512 624 580 avidam
649 523 706 595 est,
721 536 759 580 ex
783 539 819 582 ea
843 525 930 602 parta
952 540 1014 605 qua
1038 519 1132 586 babet
1154 522 1288 604 initium,
1303 545 1393 610 posse

289 625 354 690 fieri
369 625 566 706 additionem,
578 626 788 693 transferendo
803 627 933 693 limitem
947 652 1041 716 aquo
1056 631 1174 719 incipit.
1218 633 1392 701 Difficulta-

289 737 373 803 tibus
387 737 420 802 in
435 737 620 803 contrarium
635 739 871 826 respondebitur
886 740 975 806 infra.

333 852 384 914 15.
409 847 565 928 Quaeritur
578 870 671 930 nono,
694 859 793 916 atram
814 851 961 936 infinitam
982 855 1024 918 sit
1037 855 1071 918 id
1090 876 1147 939 qao
1162 859 1257 923 maiae
1279 861 1392 944 canapi

290 964 401 1046 aequit.

331 1073 523 1160 Respondes,
539 1073 582 1139 sic
597 1073 709 1138 sentire
723 1073 882 1159 plurimos,
897 1074 951 1160 qui
973 1096 1036 1140 non
1051 1088 1242 1162 agnoverunt
1258 1080 1389 1146 diversm

287 1187 478 1252 infinitorum
493 1185 617 1272 species,
632 1194 663 1250 et
678 1185 872 1250 crediderunt
887 1209 978 1252 omne
992 1188 1150 1254 infinitum
1162 1213 1228 1255 esse
1243 1192 1389 1258 infinitics

286 1300 453 1380 infinitum,
468 1307 499 1364 et
515 1299 558 1363 sic
572 1296 649 1362 nihil
665 1297 730 1362 dari
744 1317 834 1383 posse
849 1298 957 1363 maius.
1001 1299 1081 1365 Dico
1096 1322 1181 1385 ergo,
1193 1302 1219 1366 si
1227 1313 1336 1388 agatur
1351 1305 1395 1371 de

286 1413 435 1479 contrarie
449 1411 570 1476 infinito
585 1419 616 1502 et
631 1409 669 1476 de
683 1409 821 1474 absolute
842 1409 973 1491 infinito,
989 1410 1072 1476 illam
1095 1411 1304 1479 definitionem
1318 1439 1388 1502 pro-

286 1525 337 1590 cul
358 1523 452 1589 dubio
466 1523 584 1589 valere:
619 1519 683 1600 sed,
699 1519 725 1584 si
747 1527 857 1604 agatur
876 1520 916 1585 de
930 1521 1164 1588 contradictorie
1177 1522 1308 1604 infinito,
1323 1548 1387 1591 non

285 1635 392 1701 valere.
446 1635 479 1700 S.
494 1634 627 1699 Thomas
645 1634 687 1718 (p.
704 1635 733 1696 3.
751 1655 782 1717 q.
799 1633 851 1695 10.
867 1653 896 1697 a.
911 1633 944 1716 3)
962 1632 1023 1698 ait:
1056 1634 1180 1719 Infinita
1205 1637 1386 1721 simpliciter,

284 1755 314 1812 et
328 1746 426 1831 qrcccd
437 1747 545 1825 omnia,
559 1745 637 1808 nibil
649 1753 694 1808 est
707 1745 802 1807 mauce
809 1770 821 1818 ,·
853 1743 970 1828 infinito
986 1753 1083 1809 actem
1103 1747 1259 1811 secundam
1273 1749 1390 1832 aliquid

284 1857 506 1920 determinatam
529 1878 588 1919 aaa
609 1862 653 1919 eat
676 1854 792 1938 aliquid
811 1855 906 1918 mairie
925 1856 1023 1919 inille
1038 1857 1157 1931 ordiac‚·
1173 1867 1275 1942 potest
1290 1867 1386 1924 tamea

283 1970 378 2052 accipi
400 1967 515 2051 aliquid
534 1967 618 2031 alind
636 1967 732 2030 maias
746 1973 831 2030 aetra
845 1965 930 2030 illam
943 1967 1083 2032 ordinem.
1128 1967 1169 2032 Et
1184 1969 1271 2034 affert
1285 1992 1385 2035 crem·

283 2078 371 2166 plum
400 2078 438 2143 de
459 2077 590 2143 infinitis
613 2077 749 2142 numeris
771 2076 897 2162 paribus
922 2085 953 2140 et
977 2077 1105 2144 infinitis
1132 2080 1314 2165 disparibus,
1330 2085 1384 2168 qui

284 2190 377 2254 simul
388 2189 484 2255 additi
496 2190 572 2255 dant
583 2189 739 2254 infinitum
755 2189 874 2253 maius:
897 2196 928 2252 et
940 2189 1112 2256 concludit:
1134 2193 1261 2277 Infinita
1271 2202 1342 2259 caat
1353 2197 1385 2259 irs

276 2303 413 2386 potentia
427 2309 576 2381 creatura,
591 2309 621 2365 et
636 2309 733 2365 tamea
751 2301 845 2383 plara
859 2302 929 2364 taret
951 2302 982 2364 ia
1000 2305 1138 2385 potentia
1152 2306 1221 2384 Dei,
1241 2328 1330 2389 qaam
1351 2308 1385 2370 ia

275 2414 412 2498 potentia
426 2421 575 2476 creatura.
620 2412 666 2476 Et
680 2412 816 2475 similiter
829 2413 928 2475 anima
941 2413 1052 2478 Christi
1065 2417 1121 2479 scit
1135 2416 1252 2500 infinita
1261 2419 1383 2482 scientia

280 2523 421 2607 simplicis
450 2523 669 2606 iutelliperctiae5
705 2521 798 2605 plara
824 2530 920 2585 tamea
942 2525 1000 2588 scit
1023 2526 1107 2590 Deus
1129 2528 1284 2591 secundam
1306 2530 1383 2592 hacc

279 2636 408 2699 samaia
430 2635 477 2698 ael
499 2634 697 2718 intellipentiae
721 2633 847 2697 modam.
899 2632 983 2718 Ergo
1006 2635 1071 2700 dari
1094 2647 1196 2724 potest
1221 2638 1379 2704 infinitum

281 2747 446 2811 admittens
461 2745 579 2830 aliquid
593 2766 625 2809 se
640 2743 749 2808 maius.

324 2859 385 2921 Res
407 2865 509 2921 autem
523 2856 612 2921 facile
633 2878 688 2941 per
710 2855 799 2918 solita
820 2852 958 2938 exempla
979 2852 1121 2937 explicari
1144 2861 1246 2936 potest
1257 2880 1267 2933 3
1297 2877 1380 2935 nam,

279 2967 337 3032 etsi
351 2967 432 3031 linea
446 2967 562 3031 habens
577 2967 701 3030 initium
715 2974 747 3030 ct
761 2987 825 3030 non
839 2966 932 3029 finem
947 2972 1079 3049 nequeat
1090 2963 1195 3048 augeri
1205 2977 1381 3050 exeaparte

278 3101 315 3143 ex
329 3101 390 3163 qna
404 3078 541 3162 procedit
555 3078 685 3157 infinite,
700 3086 801 3162 potest
816 3077 921 3161 augeri
935 3098 972 3139 er
994 3097 1030 3138 ca
1047 3085 1134 3159 parte
1153 3098 1190 3139 ex
1208 3098 1268 3160 qua
1288 3077 1380 3142 habet

278 3189 412 3267 initium,
428 3188 542 3252 scilicet
557 3187 693 3252 tollendo
704 3189 787 3253 hunc
802 3188 953 3265 limitem3
986 3185 1175 3271 concipietur
1195 3187 1278 3252 enim
1299 3188 1380 3253 linea

279 3299 345 3364 fieri
359 3300 532 3383 faccialiter
546 3299 604 3363 alia
618 3299 652 3362 in
674 3299 773 3384 specie
794 3298 908 3362 infiniti
926 3300 969 3383 (n.
987 3298 1052 3381 11).
1110 3297 1143 3361 Si
1165 3319 1234 3362 vcro
1254 3299 1378 3364 initium

279 3431 341 3475 non
355 3419 495 3494 negetur,
511 3410 564 3473 sed
583 3410 785 3475 transferatur
801 3416 934 3487 tantum,
949 3430 1014 3473 non
1037 3407 1207 3473 mutabitur
1221 3409 1378 3475 infinitum

278 3521 339 3586 nisi
354 3521 581 3600 accidentaliter,
592 3528 628 3584 ut
643 3520 839 3585 ostendemus
852 3519 991 3584 inferius.
1038 3519 1144 3584 Potest
1157 3529 1259 3584 autem
1274 3521 1377 3587 inlini-

277 3643 345 3700 tum
361 3633 466 3717 augeri
481 3633 572 3698 etiam
588 3634 789 3711 materialiter,
804 3631 899 3696 idest
924 3653 987 3695 non
1014 3631 1182 3696 secundum
1207 3632 1378 3699 infinitudi-

277 3767 359 3825 nem,
375 3743 428 3810 sed
442 3744 610 3810 secundum
626 3765 690 3808 rem
705 3765 773 3829 quae
787 3741 908 3806 infinita
923 3741 1043 3806 dicitur.
1091 3741 1141 3806 Sic
1163 3742 1242 3807 datis
1258 3743 1378 3810 duabus

276 3859 365 3923 lineis
379 3856 531 3943 parallelis
546 3855 730 3920 habentibus
753 3854 878 3918 initium
902 3861 933 3917 et
958 3874 1022 3917 non
1049 3854 1153 3932 finem,
1169 3875 1299 3938 quarum
1316 3856 1377 3920 dis-

276 3971 374 4035 tantia
388 3971 429 4034 sit
443 3992 472 4048 c,
482 3968 656 4054 superficies
665 3965 883 4052 comprehensa
896 3965 977 4029 inter
990 3965 1058 4029 illas
1068 3965 1165 4030 lineas
1176 3966 1234 4030 erit
1242 3965 1376 4032 infinita:

275 4090 360 4167 patet
374 4088 477 4145 autem
492 4079 576 4164 quod
597 4079 624 4143 si
646 4078 791 4143 distantia
811 4078 866 4141 fiat
880 4080 930 4157 2a,
947 4081 988 4142 3c
987 4123 1101 4156 .....
1116 4075 1187 4140 talis
1202 4077 1377 4163 superficies

274 4193 328 4256 fiat
353 4191 456 4276 dupla,
470 4190 562 4276 tripla
577 4198 634 4254 etc.
683 4189 831 4252 Attamen
853 4189 918 4253 baec
943 4188 1117 4274 superficies
1132 4210 1195 4251 non
1210 4189 1263 4252 fiet
1278 4189 1376 4276 magis

274 4300 395 4365 infinita
403 4326 413 4378 ;
446 4301 519 4384 quia
540 4299 705 4365 infinitudo
720 4300 813 4364 huius
828 4298 997 4385 superficiei
1012 4298 1183 4385 concipitur
1206 4301 1374 4367 secundum

1605 181 1609 328 l
