3212 4986
787 357 826 430 vi

253 557 351 632 tiam
367 557 549 633 utilitatis
565 580 644 632 non
661 556 843 644 minimae,
859 579 976 656 quam
988 578 1037 631 ex
1047 555 1118 630 tali
1131 553 1356 630 excursione

254 683 417 782 percepi.

303 809 504 885 Tractatus
521 831 684 908 sequens
695 809 742 886 de
754 811 892 885 curado
903 809 1070 897 brevem,
1082 807 1148 882 sed
1166 806 1357 905 quantum

254 934 365 1034 potui
400 933 627 1034 diligentem
660 935 895 1034 pantheismi
937 931 1145 1034 germanici
1180 929 1357 1029 analysin

255 1060 441 1149 continet,
465 1063 505 1134 et
525 1060 693 1136 ostendit
719 1061 868 1136 fontem
896 1059 1187 1161 sophismatum,
1216 1054 1357 1154 quibus

254 1170 482 1284 pantheistae
520 1185 671 1285 decepti
709 1188 824 1260 sunt:
879 1187 1111 1284 conceptum
1154 1180 1356 1257 creationis

255 1309 469 1408 genuinum
485 1310 644 1410 exponit
670 1314 787 1409 atque
810 1310 1006 1386 defendit:
1033 1310 1183 1384 factum
1199 1307 1357 1384 creatio-

212 1491 214 1494 -
254 1435 316 1509 nis
344 1435 503 1510 statuit:
550 1435 677 1512 solum
703 1436 833 1510 Deum
859 1434 1004 1511 virtute
1031 1433 1186 1509 creandi
1212 1434 1356 1532 pollere

255 1562 513 1637 demonstrat:
548 1563 637 1637 tum
657 1561 807 1660 reliqua
829 1560 1072 1661 persequitur
1096 1560 1143 1634 de
1165 1559 1253 1649 fine,
1272 1584 1356 1659 per·
1431 1586 1438 1600 ·

253 1688 432 1776 factione,
451 1690 491 1762 et
508 1687 641 1762 ordine
662 1687 823 1776 mrmdi3
860 1685 1010 1762 omissis
1030 1689 1162 1761 tamen
1180 1685 1358 1784 quaestio·

254 1811 368 1886 nibus
386 1811 673 1910 cosmogonicis‚
693 1835 781 1910 quae
807 1812 856 1885 ad
868 1811 1083 1910 geologiam
1099 1811 1223 1910 magis
1241 1834 1358 1910 quam

254 1937 303 2012 ad
319 1936 603 2036 philosophiam
618 1937 809 2036 pertinere
824 1936 1016 2011 videntur.

307 2063 489 2159 Sequitur
511 2065 701 2138 tractatus
725 2061 940 2137 deuotione
962 2064 1041 2137 Dei
1062 2065 1104 2137 ia
1120 2063 1271 2151 muodo,
1289 2060 1359 2135 ubi

256 2184 388 2262 divina
412 2185 662 2275 conservatio,
681 2208 893 2261 concursus
916 2210 962 2261 ac
984 2187 1228 2286 providentia
1253 2210 1359 2284 sepa·

254 2313 338 2384 rate
356 2310 658 2385 considerantur.
695 2311 747 2384 llt
760 2310 917 2408 quidem
929 2311 972 2384 in
984 2311 1211 2410 explicando
1229 2310 1359 2386 divino

256 2458 447 2510 concursu
463 2459 554 2508 cum
570 2435 691 2509 libera
708 2438 974 2511 creaturarum
990 2437 1191 2511 voluntate
1207 2459 1360 2536 magnae

256 2584 405 2659 semper
423 2560 668 2635 difficultates
694 2561 921 2636 extiterunt.
974 2563 1059 2636 Has
1084 2585 1156 2660 ego
1181 2585 1230 2636 ex
1255 2562 1359 2661 prin-

104 2705 106 2709 ·
256 2685 378 2784 oipfis,
415 2709 499 2783 quae
528 2683 627 2757 mihi
661 2684 874 2760 certissima
913 2685 996 2761 visa
1030 2690 1134 2774 sunt,
1169 2688 1359 2761 resolvere

255 2809 426 2884 tentavi:
454 2810 557 2908 quod
575 2833 697 2906 quum
713 2810 892 2899 facerem,
912 2811 1179 2900 animadverti,
1208 2814 1359 2886 contro·

255 2934 422 3011 versiam
437 2934 540 3008 inter
551 2935 813 3011 Bannesianos
827 2938 866 3010 et
877 2936 1099 3011 Molinistas
1116 2934 1260 3034 (quoad
1272 2960 1359 3010 eam

202 3101 206 3108 ·
256 3054 417 3159 partem,
447 3082 524 3156 qua
551 3059 834 3158 philosophiam
859 3060 1035 3160 attingit)
1062 3085 1110 3135 ex
1134 3061 1359 3136 confusione

258 3185 425 3283 quadam
447 3184 584 3259 auxilii
607 3186 878 3283 praevenientis
905 3211 995 3262 cum
1012 3210 1203 3261 concursu
1220 3191 1357 3276 ortam,

258 3311 363 3387 salvo
380 3313 525 3385 honore
543 3314 582 3386 et
598 3310 749 3385 iuribus
769 3312 974 3410 utriusque
992 3313 1126 3411 partia,
1147 3313 1240 3387 satis
1258 3337 1359 3388 com-

257 3437 370 3511 mode
397 3436 577 3535 componi
604 3459 725 3536 posse.
791 3436 903 3510 Nihil
932 3437 1038 3511 enim
1064 3437 1238 3536 Mpedit,
1266 3461 1358 3535 quo-

257 3560 387 3634 minus
404 3560 528 3659 ipsam
548 3561 838 3660 praemotionem
854 3561 1055 3659 physicam
1071 3561 1359 3635 Thomistarum

258 3683 520 3774 admittamus,
539 3684 748 3758 dummodo
777 3707 1042 3784 agnoscamus,
1064 3689 1214 3774 actum:
1227 3686 1295 3784 qui
1319 3687 1360 3762 vi

258 3809 348 3885 talis
373 3809 636 3908 praemotionis
659 3809 829 3908 ponitur,
849 3834 931 3885 esse
957 3814 1090 3886 actum
1114 3816 1360 3908 spontaneum

258 3943 297 4012 et
326 3939 512 4012 directum
537 3937 851 4035 praerequisitum
880 3938 928 4013 ad
959 3938 1270 4014 constituendam
1295 3964 1360 4015 vo-

258 4062 451 4138 luntatem
467 4061 510 4134 in
526 4061 702 4160 proxima
718 4061 892 4161 potentia
911 4063 1049 4137 utendi
1076 4088 1146 4138 sua
1167 4063 1357 4140 libertate.

258 4186 437 4262 Vidimus
448 4185 552 4260 enim
561 4185 604 4258 in
613 4188 786 4261 tractatu
797 4186 843 4261 de
853 4187 1022 4275 homine,
1034 4191 1165 4263 actum
1177 4188 1358 4285 primum,

259 4311 450 4388 directum
466 4314 505 4385 et
524 4315 781 4409 spontaneum
799 4311 1035 4385 constituere
1060 4313 1217 4386 tantum
1239 4316 1359 4387 mate-
