3222 4984
548 975 636 1144 ‘na
679 1036 1044 1148 anullino

602 1394 1003 1404 --—--———-———-——

242 1639 272 1701 1.
297 1615 403 1706 NON
419 1639 520 1718 semel,
532 1647 563 1704 et
577 1638 702 1724 quidem
717 1638 797 1703 inter
808 1637 1003 1722 gravissimas
1014 1637 1216 1723 philosophiae
1227 1638 1343 1704 discus-

241 1745 351 1826 sioues,
366 1769 488 1812 necesse
510 1756 556 1812 est
578 1747 618 1812 ad
639 1748 910 1829 considerationem
934 1748 1047 1812 infiniti
1070 1771 1248 1833 assurgere:
1277 1770 1340 1813 non

240 1856 340 1922 solum
362 1859 444 1923 enim
458 1859 560 1924 Deum
581 1858 711 1924 dicimus
730 1859 898 1939 infinitum,
915 1859 969 1924 sed
987 1858 1108 1923 infinita
1127 1857 1342 1943 intelligibilia,

240 1967 360 2033 infinita
381 1969 547 2054 possibilia,
562 1970 714 2034 infinitam
737 1969 931 2035 durationem
946 1969 1056 2034 animae
1070 1969 1258 2049 immortalis,
1274 1970 1344 2034 infi-

239 2080 337 2146 nitam
353 2082 461 2147 seriem
476 2092 545 2162 etc,
556 2081 590 2146 in
604 2104 734 2169 quorum
748 2081 947 2166 explicatione
960 2081 1104 2148 haesitant
1113 2082 1259 2167 plerique,
1274 2090 1343 2146 tum

241 2200 365 2277 propter
383 2193 549 2258 contrarias
568 2202 729 2258 auctorum
749 2193 918 2278 opiniones,
933 2201 1002 2258 tum
1016 2201 1140 2278 propter
1152 2192 1345 2257 difficultates

239 2302 279 2367 ab
293 2303 402 2369 iisdem
417 2304 591 2370 auctoribus
606 2313 660 2369 aut
675 2303 889 2382 dissimulatos,
899 2312 952 2368 aut
967 2325 1030 2368 non
1045 2303 1119 2368 satis
1134 2304 1259 2368 solutas.
1294 2303 1343 2368 De

240 2435 303 2500 qua
317 2437 350 2478 re
363 2437 402 2479 ne
416 2415 544 2500 sparsim
559 2438 690 2500 agerem,
706 2415 789 2500 quod
803 2424 835 2480 et
849 2414 1058 2479 inordinatum
1074 2423 1105 2479 et
1119 2415 1212 2479 nimis
1226 2415 1343 2480 iucom-

241 2525 368 2591 modum
383 2527 500 2607 fuisset,
516 2535 613 2593 totam
628 2527 895 2612 investigationem
915 2526 954 2591 ad
974 2526 1058 2592 hunc
1076 2527 1179 2591 locum
1196 2527 1295 2607 reieci,
1310 2534 1341 2592 et

241 2637 282 2702 de
309 2637 429 2704 infinito
458 2638 618 2724 specialem
647 2646 812 2704 tractatum
841 2637 952 2702 habere
988 2637 1064 2703 utile
1101 2637 1183 2702 duxi.
1234 2638 1342 2723 Itaque

241 2750 382 2816 tractatio
396 2751 471 2831 haee,
483 2773 580 2836 quum
595 2749 635 2815 sit
649 2749 687 2815 de
700 2773 733 2814 re
748 2750 822 2814 satis
836 2749 976 2814 abstrusa
990 2758 1022 2813 et
1032 2749 1166 2813 multum
1178 2749 1343 2834 disputata,

241 2861 377 2946 postulat
399 2861 665 2946 diligentissimam
686 2861 889 2926 terminorum
912 2861 1130 2940 definitionem,
1151 2861 1191 2926 ad
1212 2861 1343 2946 aequivo-

241 2972 376 3037 cationes
390 2994 453 3037 non
469 2973 568 3037 solum
584 2971 745 3051 tollendae,
760 2971 814 3036 sed
835 2972 927 3036 etiam
941 2972 1172 3057 praevertendas.
1219 2971 1343 3048 Quare·

241 3105 311 3154 mus
335 3091 439 3147 autem
461 3082 562 3168 primo
585 3082 661 3167 quid
687 3082 727 3146 sit
753 3083 909 3147 inlinitum
936 3090 966 3146 ct
990 3082 1177 3168 quotuplex:
1209 3083 1342 3149 seeundo

241 3215 381 3279 quaenam
404 3194 466 3258 siut
488 3192 601 3257 infiniti
623 3192 843 3278 proprietates:
866 3193 958 3258 tertio
981 3191 1112 3280 denique
1127 3215 1166 3257 an
1181 3201 1212 3258 et
1227 3195 1260 3257 in
1275 3195 1343 3280 qui·

242 3303 301 3370 hus
317 3304 474 3368 infinitum
496 3326 562 3369 ease
584 3303 691 3389 possit.
737 3302 842 3380 Quum
857 3325 928 3368 vero
951 3303 989 3368 de
1010 3303 1059 3368 his
1082 3304 1224 3369 omnibus
1246 3304 1344 3369 molta

242 3413 374 3478 dixerint
395 3436 459 3478 non
474 3413 574 3478 solum
589 3413 800 3498 metaphysici,
816 3413 975 3479 sedetiam
991 3414 1208 3495 mathematici,
1223 3415 1302 3496 ideo,
1318 3417 1344 3481 si

241 3524 364 3608 quando
375 3547 423 3588 rea
437 3523 471 3588 id
484 3522 640 3608 postolare
654 3523 801 3604 videatur,
813 3524 1032 3610 philosophicis
1045 3525 1216 3591 rationibus
1225 3527 1342 3592 mathe-

244 3636 369 3702 maticas
383 3658 505 3721 quoque
519 3636 733 3721 adiungemus.
820 3663 822 3668 ¹

696 3887 836 3951 CAPUT
857 3887 885 3954 Ι.

400 4062 452 4117 ΒΕ
470 4062 671 4120 OONOEPTU
688 4063 736 4118 ΕΤ
753 4061 1002 4118 DEFINITIONE
1019 4061 1189 4118 INFINITI.

286 4209 319 4272 2.
341 4204 425 4270 Illud
439 4214 596 4289 tamquam
612 4213 729 4270 certum
744 4204 961 4269 assumendum
977 4211 1034 4281 est,
1049 4224 1113 4266 esse
1127 4201 1161 4266 in
1183 4202 1271 4266 nohis
1289 4203 1342 4267 ali·

241 4338 335 4402 quam
357 4315 470 4380 infiniti
492 4315 591 4380 ideam
602 4341 612 4393 3
635 4324 761 4380 namet
783 4315 885 4380 existit
899 4313 1090 4392 vocabulum,
1107 4319 1138 4376 et
1160 4312 1342 4398 intelligitur

1114 4443 1134 4484 o
1150 4426 1170 4486 2
