3212 4986
279 371 323 436 34
761 387 803 432 nn
820 385 895 432 nno.
1253 361 1338 448 [osr.
1356 385 1380 427 1.

280 556 378 644 posits
393 555 585 637 revelatione,
600 555 742 642 detegere
764 557 991 623 convenientiam
1013 555 1150 643 mysterii
1165 552 1290 620 revelati
1310 575 1379 618 oum

279 669 407 748 ratione,
422 669 467 734 ita
483 676 519 733 ut
534 667 631 733 valeat
646 668 755 733 saltem
775 669 901 734 suadere
915 668 999 754 quod
1021 689 1084 732 non
1099 666 1231 752 perfecte
1254 665 1380 730 demon·

279 788 366 845 strat.
413 779 516 844 Habet
525 780 608 844 enim
622 780 701 845 ratio
711 780 848 844 humana
862 780 985 866 aliquod
999 779 1236 845 fundamentum
1248 777 1379 843 solidum

280 889 445 970 iudicandi,
462 891 590 955 nomina
610 891 719 970 Patris,
743 891 814 955 Filii
835 899 866 956 et
889 891 1023 976 Spiritus
1045 891 1160 970 Sancti,
1181 898 1289 976 utpote
1311 911 1379 974 per-

280 1001 405 1083 sonslia,
430 1003 601 1087 significare
630 1025 775 1088 personas
803 1003 925 1068 realiter
951 1004 1121 1082 distinctas,
1145 1025 1209 1068 non
1238 1002 1381 1066 obstante

280 1115 518 1181 identificatione
543 1116 796 1201 personalitatum
825 1119 858 1180 ia
887 1119 985 1182 tertio.
1030 1116 1121 1181 Ratio
1150 1123 1207 1195 est,
1234 1115 1307 1200 quia
1331 1123 1381 1177 tot

281 1226 394 1293 debent
417 1251 483 1293 esse
505 1229 646 1294 Personae
666 1227 827 1308 distinctae,
848 1238 923 1314 quot
946 1237 1018 1292 sunt
1039 1228 1173 1292 rationes
1197 1226 1380 1312 personales,

281 1361 412 1423 quarum
431 1362 494 1404 una
515 1339 636 1404 realiter
655 1360 719 1403 non
740 1348 788 1403 est
807 1338 866 1403 alia
875 1365 885 1418 3
909 1361 980 1404 nam
996 1339 1096 1403 omnis
1119 1339 1196 1403 ratio
1213 1337 1382 1402 necessaria

281 1449 374 1515 habet
389 1473 480 1516 suum
494 1452 690 1516 rationatum.
719 1449 811 1527 Quod
825 1472 895 1515 vero
909 1450 1137 1516 identifioentur
1151 1449 1382 1535 personalitates

280 1563 313 1626 io
328 1565 425 1642 tertio,
440 1563 499 1628 hoc
519 1571 641 1628 tantum
656 1563 791 1627 ostendit
814 1563 976 1628 essentiam
994 1563 1028 1627 in
1042 1562 1141 1628 tribus
1156 1563 1298 1628 Personis
1316 1583 1381 1626 esse

281 1671 457 1739 identioam.
501 1673 543 1738 Et
558 1673 598 1738 ad
611 1674 670 1737 hoc
685 1673 921 1758 intelligendum
937 1697 992 1760 pro
1006 1683 1113 1740 nostro
1127 1673 1262 1752 modulo,
1274 1695 1383 1758 possu-

281 1807 352 1850 mus
366 1794 482 1866 notare,
498 1786 581 1871 quod
602 1787 695 1851 etiam
710 1786 744 1850 in
766 1809 835 1851 area
848 1787 1029 1872 triangulari
1043 1787 1192 1852 babemus
1214 1787 1382 1851 identifica-

281 1895 397 1961 tionem
420 1896 552 1962 laterum
574 1907 605 1963 et
627 1898 810 1982 angulorum
831 1899 864 1962 in
884 1899 984 1978 tertio,
1003 1899 1078 1984 quin
1101 1905 1206 1962 tamen
1223 1898 1331 1983 anguli
1352 1905 1383 1962 et

281 2007 377 2074 latere
398 2018 516 2075 cessent
532 2011 645 2075 habere
665 2010 843 2075 distinctam
861 2010 1100 2075 subsistentiam.
1147 2010 1209 2075 Sed
1228 2010 1300 2095 quia
1319 2032 1382 2074 non

282 2119 472 2185 intendimus
486 2121 537 2186 hic
553 2121 681 2207 pmbare
696 2121 882 2209 Mysterium
897 2122 1057 2187 Trinitatis
1071 2121 1284 2201 Personarum,
1300 2120 1383 2205 quod

179 2315 185 2332 .
281 2231 417 2318 theologi
440 2254 476 2298 ex
502 2233 681 2300 auctoritate
705 2234 922 2300 invincibiliter
950 2235 1169 2314 demonstrant,
1193 2235 1259 2300 haec
1287 2256 1384 2319 pauca

282 2343 356 2408 setis
371 2345 467 2409 sint*.
1384 2424 1385 2428 Ἰ

326 2459 380 2520 41.
404 2458 503 2536 Pater,
520 2455 617 2520 Filius
627 2465 670 2521 *et
691 2455 823 2541 Spiritus
847 2456 978 2521 Sanctus
1000 2465 1074 2522 sunt
1095 2478 1219 2541 prorsus
1241 2458 1382 2542 aequales,

281 2588 343 2632 non
360 2567 460 2632 solum
475 2568 547 2653 quia
560 2567 675 2632 babent
690 2568 813 2632 unicam
828 2569 991 2634 essentiam
1011 2568 1145 2634 divinam
1159 2568 1384 2633 absolutissime

282 2678 447 2763 perfectam
471 2691 502 2743 et
527 2679 690 2758 infinitam,
715 2678 768 2743 sed
794 2679 886 2744 etiam
910 2680 981 2766 quia
1004 2679 1184 2760 Paternitas,
1209 2679 1330 2745 Filiatio
1354 2686 1385 2744 et

284 2787 416 2874 Spiratio
436 2789 553 2874 passiva
574 2787 721 2873 aequalem
736 2787 887 2853 infinitam
909 2789 1125 2873 perfectionem
1140 2789 1257 2855 dicunt.
1302 2791 1384 2854 Nam

283 2908 370 2965 tanta
383 2910 430 2965 est
445 2901 575 2980 Filiatio,
591 2909 706 2985 quanta
725 2909 772 2965 est
786 2901 967 2980 Paternitas,
984 2924 1079 2987 quum
1094 2901 1162 2966 idea
1176 2902 1296 2966 infinite
1315 2925 1384 2987 per·

283 3011 363 3075 fecta
388 3009 526 3095 adaequet
551 3019 654 3076 actum
683 3011 841 3077 infinitum
869 3013 1100 3098 cognoscentis:
1122 3013 1197 3078 item
1225 3021 1313 3078 tanta
1338 3022 1385 3079 est

319 3224 337 3264 ἕ
355 3222 423 3277 Vera
430 3241 461 3277 ao
472 3241 538 3278 sanc
543 3223 705 3295 pbslosopla'a
712 3225 899 3279 nobsls'sssimum
910 3243 986 3279 ouum
998 3227 1081 3280 boam
1093 3227 1175 3297 babet,
1185 3246 1265 3299 quum
1273 3228 1386 3283 simulem

280 3311 448 3382 philosophice
463 3313 497 3367 sit
515 3352 522 3369 .
541 3352 548 3369 .
567 3351 574 3368 .
594 3351 601 3368 .
636 3313 692 3367 Dei
710 3313 883 3383 eaemtmdtbmj
898 3319 1030 3384 maram,
1050 3315 1183 3384 atributa,
1202 3331 1298 3370 1th
1317 3331 1386 3378 Qum

285 3411 372 3452 smne
385 3412 545 3452 cnnnnnns
556 3413 716 3469 anonomn,
722 3418 774 3470 per
785 3405 937 3470 orpumenta
946 3419 977 3454 ec
985 3401 1038 3454 suis
1044 3401 1182 3472 proneptes
1188 3404 1273 3473 petita
1280 3405 1386 3458 demam

285 3489 377 3552 strare,
389 3484 529 3554 vindicare,
542 3485 684 3555 defodere,
698 3491 774 3557 atque
790 3487 838 3540 too
853 3487 928 3540 modo
939 3487 1012 3540 viam
1026 3488 1130 3542 munire
1145 3490 1182 3541 ad
1195 3490 1250 3544 lsoeo
1264 3491 1387 3560 &penato

275 3571 337 3642 fide
350 3571 446 3626 rectius
464 3573 579 3641 tenenda,
592 3587 631 3634 nn
649 3587 688 3625 sn
706 3587 778 3625 mna
795 3587 891 3625 errem
908 3587 1133 3627 ancoummonn
1150 3570 1303 3646 noomsns,
1316 3591 1386 3638 oum

285 3673 360 3712 sons
371 3673 442 3712 uma
454 3673 577 3713 Panum
588 3674 710 3713 enmono
722 3673 860 3728 rossum,
871 3674 910 3712 un
921 3673 991 3712 Inus
1004 3675 1115 3720 mono
1127 3675 1210 3715 mono
1222 3677 1242 3714 s
1254 3676 1387 3716 esnone

286 3760 540 3800 menandrianos.
577 3746 646 3800 Hcec
664 3745 766 3816 quidem
784 3763 867 3815 opere,
881 3751 957 3814 atque
974 3746 1003 3799 in
1015 3746 1054 3799 liis
1068 3747 1169 3800 versari
1178 3747 1249 3802 debet
1263 3766 1351 3802 seuera
1363 3755 1387 3803 et

280 3832 461 3902 pulcherrima
469 3849 535 3886 verce
540 3831 709 3902 ploloeoplu'oe
720 3831 832 3885 scientia.
862 3831 988 3902 (Litterae
996 3831 1041 3886 Pii
1052 3830 1108 3884 ΡΡ.
1118 3832 1154 3888 ix.
1163 3832 1193 3886 in
1200 3833 1288 3889 forma
1298 3834 1388 3891 brevis

224 3920 228 3928 “
284 3919 320 3972 ad
335 3918 524 3974 venerabilem
540 3917 652 3972 fratrem
669 3916 830 3990 Gregorium
850 3917 1016 3990 Arobiepisc.
1030 3917 1222 3974 Monacensem
1239 3927 1268 3976 et
1283 3921 1387 3977 Elisiu-

284 4022 395 4077 gensem
408 4005 443 4059 14
453 4005 573 4060 decemb.
587 4003 680 4075 1862.)
1382 4045 1385 4051 -

321 4090 393 4146 Vide
410 4091 494 4144 etiam
508 4090 537 4146 S.
550 4090 691 4158 Thomam‚
703 4106 728 4161 p.
744 4089 767 4144 1.
781 4106 806 4161 q.
820 4090 862 4144 27.
876 4108 899 4144 a.
914 4089 930 4142 1
943 4094 971 4143 et
982 4090 1008 4158 3,
1020 4089 1087 4144 item
1099 4107 1125 4162 q.
1138 4092 1180 4146 32.
1194 4109 1218 4148 a.
1232 4093 1257 4164 1,
1270 4099 1299 4148 et
1318 4112 1389 4167 prae·

286 4177 379 4230 sertim
397 4175 427 4229 in
443 4175 579 4249 Opusoulo
598 4175 626 4230 ii.
641 4174 802 4247 (compend.
815 4175 907 4230 Theol.
922 4175 956 4228 ad
972 4175 1155 4247 Reginaldum
1165 4178 1290 4252 bouem)
1303 4198 1320 4235 a
1331 4199 1388 4254 cap.

287 4262 381 4316 xxxvi.
395 4279 480 4333 usquo
493 4262 528 4316 ad
540 4279 597 4334 cap.
611 4261 709 4330 lxviii,
721 4260 770 4316 ubi
781 4262 851 4316 clare
863 4265 892 4316 et
902 4261 1020 4316 breviter
1031 4268 1120 4318 totum
1132 4264 1274 4322 Trinitatis
1286 4274 1390 4340 myste-

285 4347 357 4402 rium
381 4347 553 4402 atiooinando
565 4346 692 4418 explicat.
725 4405 733 4420 ἱ
