3222 4984
229 366 298 411 cua.
315 345 386 430 nn]
667 367 709 409 nu
726 365 893 410 rnrrnrro.
1267 347 1330 411 225

229 540 387 597 ostensum
409 539 465 596 est.
510 531 593 616 Ergo
613 531 690 596 nihil
713 531 813 597 obstat
832 531 996 617 quominus
1018 531 1144 596 actualis
1164 531 1331 598 multitudo

230 643 353 706 infinita
376 641 495 706 dicatur
516 641 680 726 possibilis.
734 642 839 720 Quum
864 650 966 707 autem
989 642 1174 728 possibilitas
1205 643 1330 707 sitnon

231 755 444 840 repugnantia,
460 754 546 822 nullo
570 763 752 839 argumento
777 755 906 840 positivo
924 755 1130 840 indigeremus
1150 755 1197 819 uti
1222 755 1256 819 in
1275 756 1333 821 hac

233 867 368 945 materia,
382 866 435 930 sed
455 867 606 930 sufficeret
620 865 805 930 abiectiones
828 865 962 945 solvere;
993 866 1071 930 illud
1085 867 1166 930 enim
1189 867 1333 952 possibile

232 978 396 1070 dicendum
411 986 467 1058 ert,
479 977 566 1042 cuius
581 978 785 1063 repugnantia
796 977 916 1042 ostendi
930 999 994 1042 non
1008 986 1121 1064 potest.
1165 978 1333 1045 Possumus

232 1099 335 1155 tamen
351 1090 463 1155 directe
477 1097 508 1154 et
522 1089 651 1174 positive
665 1096 802 1153 nostram
815 1089 1045 1173 responsionem
1059 1091 1247 1156 confirmare.

277 1202 319 1266 Et
333 1201 432 1287 primo
447 1201 532 1266 Deus
543 1200 635 1265 habet
649 1200 802 1266 infinitam
813 1199 1001 1285 potentiama
1024 1201 1146 1266 evidens
1169 1209 1272 1266 autem
1287 1210 1334 1267 est

234 1315 295 1379 Dei
316 1315 486 1400 potentiam
502 1314 562 1379 dici
577 1314 610 1378 in
625 1314 731 1379 ordine
746 1314 786 1378 ad
800 1323 884 1378 extra
903 1321 1033 1379 tantum.
1078 1315 1163 1399 Ergo
1178 1315 1264 1378 Deus
1278 1336 1334 1400 po·

234 1434 295 1491 test
310 1426 406 1491 facere
420 1425 539 1490 infinita
553 1425 700 1490 adextra.
745 1425 835 1490 Prob.
852 1447 934 1490 cous.
981 1425 1014 1490 Si
1034 1425 1116 1511 euim
1139 1447 1203 1490 non
1221 1433 1333 1509 posset,

235 1560 298 1602 non
309 1537 378 1602 ideo
387 1546 466 1602 esset
477 1536 549 1622 quia
558 1536 697 1600 deficeret
712 1558 814 1601 rerum
829 1537 993 1601 intrinseca
1004 1536 1197 1621 possibilitas,
1211 1559 1278 1621 quae
1289 1544 1335 1600 est

234 1650 355 1715 infinita
369 1649 402 1714 in
416 1649 502 1714 omni
516 1671 637 1734 genere,
653 1648 707 1712 sed
720 1649 789 1713 ideo
804 1648 875 1735 quia
898 1648 1037 1714 deficeret
1052 1648 1219 1712 extrinseca
1239 1648 1335 1732 possi·

234 1761 354 1826 bilitas:
402 1760 455 1824 sed
489 1760 657 1825 extrinseca
688 1759 873 1845 possibilitas
896 1768 1091 1825 mensuratur
1119 1782 1174 1845 per
1203 1759 1336 1823 divinam

236 1872 403 1958 potentiam
416 1897 426 1950 3
449 1893 522 1956 ergo
536 1871 605 1935 ideo
620 1871 706 1935 Deus
721 1892 784 1935 non
797 1879 901 1956 posset
915 1893 1016 1936 creare
1037 1871 1158 1935 infinita
1175 1871 1247 1956 quia
1262 1870 1334 1934 defi-

236 1994 318 2052 ceret
332 1986 366 2049 in
375 1985 442 2048 Deo
457 1985 606 2071 potentia.
650 1984 734 2068 Ergo
749 1985 775 2048 si
789 1983 976 2050 habetDeus
992 1985 1142 2049 infinitam
1157 1986 1337 2068 potentiam,

237 2106 339 2182 potest
361 2097 484 2160 infinite
507 2117 617 2160 creare.
681 2097 771 2160 Hanc
801 2095 1014 2180 probationem
1040 2103 1189 2159 conantur
1217 2095 1340 2159 eludere

237 2208 400 2274 adversarii
415 2207 552 2286 diceudo,
568 2208 688 2272 infinita
703 2207 907 2298 esse-quidem
922 2207 1077 2292 possibilia
1093 2206 1268 2285 successive,
1285 2207 1338 2270 sed

241 2341 304 2385 non
317 2319 516 2384 simultanee:
539 2329 570 2383 et
586 2319 628 2384 sic
644 2321 829 2384 constituere
844 2319 1000 2383 infinitum
1014 2321 1340 2403 syncateporematicum

240 2440 371 2510 tantum,
397 2452 451 2494 seu
474 2433 506 2494 ia
522 2433 671 2515 potentio.
726 2431 787 2495 Sed
801 2441 874 2495 'non
900 2430 1043 2494 videntur
1069 2430 1225 2494 attendere
1248 2429 1340 2496 huius

237 2545 375 2610 vocabuli
396 2543 673 2628 significationem
707 2551 884 2629 sequeretur
906 2543 988 2608 enim
1007 2550 1079 2607 actu
1099 2542 1255 2627 possibilia
1276 2565 1342 2608 esse

239 2656 336 2737 finita,
356 2665 386 2720 et
407 2654 563 2741 possibilia
576 2655 610 2720 in
623 2656 762 2740 potentia
776 2677 841 2719 esse
854 2654 986 2719 infinita.
1033 2653 1094 2718 Sed
1109 2653 1244 2738 quidest
1259 2654 1341 2740 quod

239 2771 337 2855 possit
352 2769 412 2834 dici
419 2770 561 2853 possibile
575 2772 607 2832 in
615 2768 777 2854 potentia?
823 2768 857 2832 Si
872 2768 947 2853 quid
962 2768 1171 2852 conciperetur
1185 2767 1218 2831 in
1233 2776 1341 2852 poten-

240 2881 283 2944 tia
297 2880 336 2944 ad
352 2902 437 2944 suam
452 2880 694 2965 possibilitatem,
710 2880 919 2965 conciperetur
940 2887 1011 2943 actu
1030 2901 1129 2942 carere
1145 2901 1199 2942 sua
1214 2878 1342 2963 possibi-

240 2991 335 3056 litate.
392 2993 435 3054 At
456 2991 482 3053 si
504 2990 580 3076 quid
599 2999 712 3054 careret
735 2998 805 3054 actu
828 3012 883 3054 sua
901 2988 1112 3074 possibilitate,
1128 2979 1288 3053 non'esset
1309 2989 1343 3056 in

241 3103 379 3189 potentia
404 3102 443 3166 ad
462 3102 564 3167 illam:
596 3124 668 3166 nam
688 3102 821 3167 carentia
840 3100 1050 3186 possibilitatis
1069 3100 1243 3166 intrinsecae
1265 3111 1343 3165 esset

241 3236 347 3300 pugna
361 3222 514 3291 notarum,
530 3235 598 3297 quae
614 3212 640 3276 si
654 3212 744 3292 adsit,
761 3213 829 3277 tolli
843 3235 1012 3297 numquam
1022 3219 1142 3296 potest:
1166 3221 1197 3276 et
1211 3215 1344 3278 carentia
1369 3235 1371 3240 ·

241 3325 452 3413 possibilitatis
467 3325 640 3389 extrinsecae
660 3332 797 3389 oreretur
817 3347 853 3389 ex
873 3325 994 3389 defectu
1007 3325 1131 3389 virtutis
1150 3325 1181 3389 in
1201 3335 1343 3406 creatore,

242 3438 340 3522 quisi
362 3438 436 3522 poni
460 3443 575 3521 posset,
598 3457 769 3520 numquam
789 3435 857 3499 tolli
876 3444 989 3534 ppsset.
1042 3435 1127 3519 Ergo
1144 3434 1230 3500 nullo
1252 3437 1344 3501 modo

241 3557 342 3634 potest
357 3548 478 3612 admitti
494 3547 677 3632 possibilitas
691 3547 725 3610 in
739 3546 885 3630 potentia.
929 3547 971 3610 ut
993 3546 1062 3610 ideo
1086 3547 1111 3610 si
1131 3546 1253 3612 infinita
1272 3560 1344 3612 sunt

241 3658 406 3743 possibilia,
423 3666 495 3723 sunt
510 3681 588 3722 nanc
602 3667 673 3722 ectu
687 3657 806 3722 infinita
817 3657 980 3722 obiective:
1004 3665 1035 3722 et
1051 3657 1173 3742 singula
1188 3666 1257 3723 actu
1270 3659 1345 3743 poni

243 3777 383 3854 possunt.
438 3768 529 3846 Quod
555 3777 659 3833 autem
684 3768 846 3833 adversarii
870 3768 1078 3854 imaginantur
1104 3769 1143 3833 de
1168 3771 1346 3836 necessitate

245 3880 444 3945 successionis
458 3880 579 3944 nullum
599 3879 692 3944 habet
709 3880 955 3959 fundamentum,
971 3902 1028 3945 nee
1048 3903 1084 3946 ex
1103 3889 1190 3966 parte
1204 3880 1274 3962 Dei,
1290 3905 1346 3948 nec

244 4001 381 4076 exparte
404 4013 505 4055 rerum
522 3990 707 4056 creabilium.
752 3991 825 4055 Nou
841 4013 876 4054 ex
886 3994 974 4075 parte
988 3991 1058 4072 Dei,
1074 3992 1106 4054 in
1122 3993 1209 4057 cuius
1225 3995 1345 4058 aeterni·

244 4111 317 4182 tate,
345 4102 437 4167 etiam
472 4123 539 4186 quae
570 4105 626 4186 pro
651 4101 740 4165 nobis
764 4104 932 4167 successiva
957 4111 1040 4182 sunt,
1068 4103 1183 4167 habent
1212 4127 1277 4168 esse
1306 4105 1346 4169 ad

244 4216 370 4280 modum
385 4215 603 4300 praesentium:
627 4234 690 4277 uon
705 4237 741 4278 ex
756 4223 841 4300 parte
856 4238 958 4280 rerum
973 4215 1169 4297 creabilium3
1192 4219 1264 4301 quia
1279 4241 1348 4284 suc·

245 4329 340 4394 cessio
363 4349 426 4392 non
451 4336 497 4392 est
521 4325 635 4412 aliquid
659 4326 832 4411 praecedens
855 4350 921 4391 esse
948 4335 1094 4407 creatum,
1119 4335 1172 4391 aut
1199 4329 1347 4394 comitans

291 4461 367 4504 vor..
384 4461 440 4504 111.
1119 4459 1122 4468 ·
1154 4459 1176 4510 a
