3212 4986
202 389 271 432 cnr.
289 369 328 452 1.]
688 389 730 433 nn
748 390 822 433 uso.
878 440 881 446 ,
1267 367 1306 428 31

201 555 380 620 ratiocinata
402 577 481 620 conc.
502 563 576 633 not,
593 554 713 618 realiter
735 577 765 618 n.
785 563 847 619 ant.
871 564 902 618 et
924 577 1003 619 cons.
1049 553 1222 618 Relativum
1249 553 1310 617 for-

203 667 324 731 maliter
352 667 519 753 opponitur
548 689 604 730 suo
633 667 812 731 correlative
841 667 1021 752 etquidem
1050 667 1108 731 sub
1133 689 1169 730 ea
1193 666 1311 731 ratione

203 780 329 865 praecisa
350 779 522 844 correlativi
533 805 542 858 3
565 787 596 842 et
619 778 687 842 ideo
708 779 816 863 nequit
839 801 911 843 cum
928 801 964 844 co
988 775 1178 856 identificari,
1194 778 1267 863 quia
1286 777 1312 840 si
1413 795 1415 800 ·

203 893 262 956 hoc
285 900 389 976 posset
412 892 487 970 fieri,
511 899 664 955 cessarent
689 913 755 955 esse
780 891 967 955 correlative.
1013 889 1129 954 Contra
1151 889 1312 954 relativum

205 1003 270 1066 sola
286 1002 403 1066 ratione
417 1001 585 1086 opponitur
600 1001 759 1080 absoluto;
783 1002 855 1085 quia
869 1001 1046 1066 absolutum
1066 1000 1140 1065 dicit
1155 1024 1220 1065 rem
1238 1000 1311 1064 sim·

206 1111 336 1197 pliciter,
351 1111 537 1196 negligendo
552 1120 737 1196 respectum,
748 1113 907 1176 relativum
924 1133 994 1175 vero
1009 1111 1084 1176 dicit
1098 1112 1146 1174 vel
1161 1133 1224 1175 rem
1240 1133 1312 1174 cum

206 1223 388 1288 habitudine
411 1222 554 1308 quadam,
570 1223 617 1287 vel
639 1225 737 1309 ipsam
758 1223 972 1288 habitudinem
994 1223 1070 1287 eius.
1117 1223 1222 1299 Quum
1244 1245 1313 1286 vero

206 1336 356 1402 habitudo
376 1337 421 1401 rei
435 1336 475 1401 ad
497 1337 588 1400 aliam
603 1359 668 1400 rem
688 1339 723 1400 de
737 1359 768 1401 ae
788 1337 829 1401 sit
844 1336 960 1421 aliquid
980 1336 1178 1415 abstractum,
1193 1336 1227 1400 in
1241 1358 1313 1399 con-

208 1461 289 1513 creto
312 1457 416 1514 eutem
439 1449 480 1513 sit
503 1450 570 1533 ipsa
595 1471 645 1512 res
667 1449 701 1512 in
723 1458 875 1534 quantum
898 1457 968 1515 actu
991 1449 1095 1514 dicens
1115 1449 1253 1513 ordinem
1275 1447 1315 1512 ad

209 1560 310 1641 aliam,
326 1582 393 1626 esse
419 1561 580 1625 relativum
601 1560 768 1645 acquiritur
790 1583 845 1646 per
867 1561 961 1625 solam
983 1561 1166 1646 positionem
1191 1557 1315 1624 termini

209 1672 361 1758 oppositi:
384 1680 415 1736 et
439 1672 482 1736 sic
508 1671 586 1736 illud
611 1671 704 1752 idem,
728 1672 812 1757 quod
836 1673 923 1757 prius
949 1673 1107 1736 dicebatur
1129 1671 1314 1750 absolutum,

210 1785 319 1868 incipit
342 1783 403 1847 dici
424 1785 518 1847 etiam
538 1783 699 1848 relativum
717 1783 782 1847 sine
803 1783 866 1847 ulla
887 1784 935 1847 sui
949 1784 1115 1848 intrinseca
1134 1783 1315 1847 mutatione.

98 1887 106 1892 ’
211 1896 271 1975 Sic,
304 1896 455 1958 existente
483 1916 547 1958 uno
570 1894 650 1973 albo,
671 1895 774 1958 existit
803 1894 959 1980 quoddam
987 1897 1172 1973 absolutum,
1192 1902 1223 1958 et
1251 1895 1316 1957 eius

213 2005 321 2070 albedo
338 2007 405 2090 (per
427 2028 530 2090 quam,
546 2005 647 2089 posito
662 2006 721 2070 alio
740 2005 820 2085 albo,
837 2008 984 2071 referetur
998 2007 1036 2071 ad
1056 2007 1147 2090 illud)
1162 2007 1223 2070 iam
1241 2027 1317 2090 prae-

215 2117 317 2180 existit
340 2117 372 2178 in
393 2115 446 2178 illo
465 2114 614 2194 absolut0,
630 2124 662 2178 et
679 2123 727 2178 θεῖ
748 2138 845 2179 unum
865 2139 902 2180 ex
916 2117 981 2181 eins
1004 2117 1210 2181 constitutivis
1230 2115 1317 2179 abso-

215 2227 290 2290 lutis
298 2253 309 2306 3
332 2249 436 2313 quare,
452 2248 548 2311 quum
566 2226 672 2290 album
686 2227 723 2290 fit
743 2227 913 2306 relativum,
928 2251 983 2312 per
1005 2229 1083 2293 illud
1104 2229 1205 2313 ipsum
1225 2228 1318 2292 babet

214 2339 364 2404 rationem
383 2338 502 2403 relativi
524 2338 730 2416 intrinsecam,
748 2360 804 2421 per
825 2338 908 2422 quod
930 2339 1127 2404 constituitur
1146 2339 1180 2402 in
1200 2361 1232 2402 sc
1247 2360 1317 2403 cnm

215 2449 408 2534 oppositione
425 2449 465 2512 ad
486 2447 570 2512 alind
592 2447 764 2512 relativum.
809 2449 892 2532 Ergo
912 2449 945 2512 in
965 2448 1044 2528 albo,
1061 2458 1092 2513 θῖ
1111 2449 1192 2512 idem
1211 2449 1320 2512 accidit

215 2559 250 2622 in
273 2560 399 2638 caeteris,
420 2559 532 2623 entitas
557 2558 683 2623 relativa
707 2581 778 2624 cum
802 2558 942 2624 absolute
963 2561 1083 2625 realiter
1105 2561 1320 2641 identificatur,

217 2670 325 2734 saltem
341 2669 543 2755 inadaequate.
588 2670 631 2734 lte
651 2670 710 2735 hoe
725 2678 772 2735 est
787 2693 891 2736 verum
907 2673 999 2736 etiam
1022 2695 1040 2736 a
1053 2673 1173 2736 fortiori
1194 2673 1228 2736 in
1241 2673 1319 2751 Deo,

217 2782 251 2846 in
267 2805 329 2867 quo
344 2783 488 2858 entitates
502 2782 635 2846 relativae
655 2804 726 2846 cum
741 2783 874 2848 essentia
896 2783 1137 2864 identificantur,
1152 2793 1188 2848 ut
1203 2785 1321 2849 dictum

218 2903 283 2971 est;
306 2903 337 2957 et
353 2893 396 2958 sic
411 2894 513 2980 soluta
526 2901 573 2956 θεῖ
588 2892 762 2957 difficultas.

262 3006 314 3070 Ad
328 3003 420 3083 aliud,
436 3002 520 3088 quod
539 3001 673 3084 additur,
688 3003 853 3068 dicendum
875 3004 967 3089 qnod,
983 3005 1101 3070 etiamsi
1124 3004 1186 3070 sint
1206 3005 1238 3069 in
1254 3006 1322 3069 Deo

218 3117 419 3204 perfectiones
436 3115 578 3194 relativa,
597 3137 661 3178 non
682 3122 785 3179 tamen
805 3115 999 3180 constituunt
1021 3115 1125 3180 Deum
1150 3116 1321 3180 relativum.

220 3232 306 3295 Licet
328 3229 410 3293 enim
431 3229 522 3293 Pater
548 3227 588 3291 sit
607 3227 703 3306 Deus,
726 3235 758 3292 et
778 3227 874 3291 Filius
897 3228 937 3292 sit
958 3229 1055 3308 Deus,
1076 3237 1108 3292 et
1130 3229 1221 3293 Pater
1243 3229 1323 3293 dicat

220 3341 443 3428 oppositionem
458 3338 615 3402 relativam
631 3338 670 3402 ad
681 3337 806 3418 Filium,
818 3360 882 3402 non
893 3347 997 3403 tamen
1013 3339 1086 3404 dicit
1101 3341 1324 3425 oppositionem

221 3452 393 3519 secundnm
412 3450 576 3516 essentiam
600 3449 744 3529 divinam,
760 3473 821 3534 qua
840 3451 927 3514 Deus
949 3460 1013 3515 est:
1037 3462 1067 3516 θῖ
1091 3452 1134 3516 sic
1159 3454 1326 3537 opponitur

222 3567 314 3631 Pater
343 3563 423 3627 Filio
449 3561 507 3626 sub
532 3560 716 3626 formalitate
742 3562 852 3641 Patris,
878 3584 942 3627 non
966 3563 1024 3627 sub
1047 3564 1230 3629 formalitate
1255 3564 1325 3629 Dei.

225 3676 333 3753 Quum
347 3675 453 3759 itaque
469 3672 613 3736 entitates
627 3672 760 3737 relativae
781 3673 815 3735 in
830 3672 898 3738 Deo
913 3681 1108 3758 opponantur
1122 3683 1232 3739 mutuo
1246 3675 1327 3738 inter

224 3809 266 3865 se,
282 3784 336 3849 sed
350 3783 579 3848 identificentur
594 3782 659 3846 sine
674 3782 865 3867 oppositione
880 3805 951 3847 cum
966 3785 1094 3848 entitate
1109 3785 1260 3863 absoluta,
1274 3807 1328 3850 seu

225 3895 366 3974 essentia,
379 3901 470 3958 erunt
481 3892 606 3977 quidem
617 3891 748 3956 relativae
757 3892 796 3956 ad
810 3893 952 3972 invicem,
965 3894 1019 3958 sed
1032 3915 1096 3957 non
1105 3892 1144 3957 ad
1154 3895 1327 3959 essentiam.

226 4009 336 4073 Manet
351 4028 424 4091 ergo
440 4004 525 4090 quod
539 4004 641 4070 divina
656 4005 788 4069 essentia
803 4006 844 4069 sit
858 4005 995 4091 undique
1010 4005 1159 4070 absoluta.

268 4123 321 4185 39.
350 4119 477 4182 Obiiciea
492 4117 536 4180 3⁰.
560 4116 634 4180 Tres
643 4116 786 4180 entitates
800 4116 975 4181 relativaein
992 4139 1054 4181 uno
1062 4127 1134 4182 ente
1149 4126 1222 4182 sunt
1233 4141 1331 4183 unum

224 4239 255 4297 et
270 4230 368 4316 plura.
415 4227 590 4293 Sedunum
609 4235 640 4292 et
655 4227 745 4312 plura
763 4227 872 4292 dicunt
887 4229 1102 4314 compositum.
1147 4229 1231 4314 Ergo
1246 4232 1332 4296 Deus

226 4351 305 4408 esset
321 4340 519 4425 compositus.
