3222 4984
259 557 397 623 tanenm;
429 571 497 633 erqo
514 557 625 632 prater
646 571 815 612 cenomanen
836 548 1040 611 elmadan-earn
1062 546 1144 626 debet
1165 545 1282 608 admitti
1304 544 1364 606 alio

260 664 349 724 motio
372 663 520 725 causativo
543 661 722 744 operationis
736 667 885 737 nectara,
902 681 937 722 ae
945 658 1072 742 proinde
1079 659 1192 741 praoia
1206 657 1247 720 ad
1259 656 1362 730 illam;

260 773 352 835 omnis
366 773 441 835 eninr
456 794 544 835 caasa
552 771 694 854 precedit
708 793 791 834 snam
806 772 949 855 effectam.
973 771 1078 834 Maior
1090 777 1169 834 certa
1181 777 1234 832 est.
1258 770 1363 832 Minor

259 905 326 948 aero
342 886 508 967 motator:
531 887 626 948 oirtna
648 905 771 948 caesores
794 883 909 966 aliquid
928 885 1010 946 debet
1033 905 1092 946 esse
1108 884 1195 966 prior
1217 881 1289 944 illo.-
1313 880 1365 944 sed

260 1017 415 1060 concarata
435 996 625 1060 simultaneae
646 1017 705 1059 non
726 1004 770 1059 est
786 997 874 1078 prior
896 997 1096 1078 cooperatione
1110 1002 1250 1059 aratura
1261 1019 1272 1068 ;
1295 1015 1363 1076 erqo

260 1129 319 1171 aon
327 1116 428 1192 potest
442 1108 523 1171 illam
538 1129 667 1172 causare.

305 1218 388 1284 Huic
403 1218 635 1303 respondebitur
650 1217 733 1303 quod
748 1217 917 1301 cooperatio
932 1217 1115 1282 considerari
1130 1224 1231 1301 potest
1240 1215 1362 1280 materi-
1394 1201 1398 1211 Δ

260 1329 356 1409 aliter,
379 1331 427 1395 vel
448 1330 625 1394 formaliter.
672 1329 705 1393 Si
727 1329 936 1394 consideretur
958 1329 1133 1407 formaliter,
1156 1351 1236 1392 canc.
1259 1328 1308 1392 M.
1332 1350 1362 1391 n.

260 1444 342 1521 min,
358 1443 430 1527 quia
444 1442 579 1507 formalis
591 1442 762 1526 cooperatio
776 1441 869 1525 exigit
884 1441 1154 1506 simultaneitatem
1165 1439 1320 1525 operandi,
1332 1446 1364 1503 ct

262 1553 305 1616 sic
329 1552 437 1637 nequit
461 1551 567 1617 haberi
590 1553 649 1616 nisi
675 1575 730 1636 per
753 1573 932 1616 concursum
960 1551 1188 1616 simultaneum.
1234 1551 1268 1615 Si
1292 1571 1362 1615 vero

261 1663 427 1747 accipiatur
448 1663 653 1742 materialiter,
669 1671 744 1726 tunc
767 1686 792 1726 e.
808 1663 858 1726 M.
874 1670 904 1726 et
925 1663 996 1725 min.
1018 1669 1049 1726 et
1063 1685 1093 1727 a.
1106 1685 1183 1726 cons.
1200 1683 1271 1726 cum
1290 1683 1362 1746 sup·

261 1775 372 1859 positu.
417 1774 500 1838 Nam
526 1774 710 1859 supponitur
733 1773 816 1858 quod
840 1781 937 1853 adua,
960 1794 1021 1858 quo
1047 1772 1133 1838 Deus
1162 1782 1265 1853 movet,
1290 1795 1362 1837 con-

262 1887 370 1951 stituat
386 1896 488 1950 actum
503 1909 667 1966 concarata,
683 1886 737 1970 qui
752 1885 811 1949 dici
826 1884 923 1968 possit
938 1907 1103 1949 concursus
1119 1885 1258 1969 praevius.
1294 1885 1363 1948 Hoc

261 2020 331 2062 vero
345 2007 391 2061 est
406 1998 528 2077 falsum,
543 1998 615 2082 quia
629 1998 723 2060 motio
738 1997 790 2060 illa
804 1997 915 2081 praevia
928 2019 992 2060 non
1007 2005 1054 2060 est
1074 1997 1209 2082 proxime
1229 1999 1362 2080 effectiva

262 2110 491 2194 cooperationis,
511 2110 564 2175 sed
586 2117 708 2173 tantum
735 2108 896 2173 constituit
916 2117 1083 2174 creaturam
1107 2109 1139 2172 in
1160 2108 1270 2172 debitis
1291 2131 1363 2172 con-

262 2222 429 2286 ditionibus
444 2230 479 2284 ut
494 2230 576 2306 agat,
585 2221 620 2285 id
634 2230 681 2285 est
694 2220 857 2285 habentem
873 2220 1116 2304 intraepbaeram
1127 2243 1190 2298 snae
1200 2221 1363 2285 activitatis

261 2333 428 2397 terminum
444 2356 535 2418 quem
550 2333 640 2397 debet
655 2333 815 2417 attingere,
832 2340 862 2396 et
872 2333 930 2396 sub
939 2333 976 2396 iis
987 2333 1168 2412 rationibus,
1180 2333 1237 2396 sub
1249 2333 1361 2417 quibus

263 2444 353 2509 debet
382 2467 453 2510 eum
483 2444 652 2528 attingere:
690 2467 751 2530 quo
775 2444 890 2528 posito,
921 2444 1091 2529 cooperatio
1127 2452 1191 2508 n'on
1220 2453 1365 2528 sequetur

261 2558 396 2623 effective
420 2579 455 2621 ex
478 2556 530 2620 illa
554 2556 700 2634 motione,
722 2556 774 2620 sed
798 2579 834 2619 ex
853 2555 974 2620 virtutis
1000 2559 1108 2620 creatae
1129 2555 1282 2620 activitate
1305 2555 1362 2619 sub

261 2671 444 2735 simultanao
458 2669 577 2733 influxu
591 2669 700 2733 divinae
714 2667 847 2733 virtutis.
892 2667 940 2730 De
955 2675 1062 2732 caetero
1078 2668 1149 2732 solae
1171 2669 1362 2752 operationes

261 2783 300 2847 ad
315 2784 396 2846 intra
409 2782 537 2866 exigunt
551 2781 718 2845 motionem
730 2780 860 2864 aliquam
874 2779 1025 2863 praeviam,
1038 2802 1101 2843 non
1113 2787 1216 2843 autern
1228 2779 1362 2844 actiones

261 2917 421 2958 causarum
437 2892 649 2970 materialium,
661 2900 700 2970 ut
710 2898 855 2969 'notatum
872 2898 918 2954 est
933 2912 1035 2974 supra,
1045 2898 1076 2954 et
1090 2889 1219 2954 ulterius
1231 2890 1363 2955 declara·
1431 2963 1432 2968 η

261 3005 355 3069 bitur.
385 3004 435 3067 Ad
450 3003 659 3088 probationem
674 3002 819 3080 additam,
836 3000 1011 3066 conceditur
1023 3001 1108 3086 quod
1123 3000 1221 3066 virtus
1235 3024 1362 3066 causans

262 3114 634 3200 operationem'praeoedit
660 3114 865 3198 operationem
875 3139 885 3192 3
917 3121 964 3177 est
988 3113 1070 3177 enim
1093 3113 1146 3176 illa
1169 3113 1234 3198 ipsa
1255 3113 1362 3192 virtus,

262 3249 331 3312 quae
351 3235 455 3291 causat
474 3235 505 3291 et
525 3233 693 3290 creaturam
714 3247 789 3304 esse,
805 3236 836 3289 et
855 3247 920 3289 csse
935 3225 969 3288 in
983 3234 1053 3290 actu
1067 3225 1168 3308 primo
1182 3225 1221 3289 ad
1235 3247 1362 3309 operan-

264 3339 347 3416 dum,
369 3346 399 3402 et
425 3337 490 3401 fieri
512 3337 546 3401 in
571 3345 642 3401 actu
668 3336 801 3401 secundo
825 3336 979 3421 operandi.
1026 3336 1087 3400 Sed
1112 3338 1206 3401 airino
1230 3344 1364 3401 nonest

264 3452 390 3515 actualis
400 3472 564 3514 eoncamns.
610 3449 722 3528 Quare,
734 3457 770 3512 ut
781 3447 919 3532 probatio
931 3457 1011 3512 recte
1019 3448 1173 3532 procedat,
1184 3471 1241 3533 pro
1250 3449 1364 3512 virtute

264 3571 406 3627 causante
431 3561 645 3626 substituenda
670 3569 749 3625 esset
774 3561 841 3645 ipsa
864 3563 1013 3624 canania:
1037 3568 1068 3623 et
1091 3568 1166 3624 tunc
1189 3561 1285 3624 maior
1306 3560 1363 3624 erit

264 3673 349 3752 falsa,
365 3673 435 3758 quia
450 3672 584 3736 causatio
599 3670 734 3736 formalis
749 3695 845 3756 quum
860 3679 990 3755 nequeat
1005 3671 1123 3755 concipi
1144 3671 1210 3734 sine
1231 3681 1363 3749 causato,

263 3807 326 3849 non
341 3793 386 3848 est
401 3784 453 3847 illo
464 3784 557 3868 prior,
573 3782 741 3868 praesertim
757 3805 852 3867 quum
868 3790 1026 3846 causatum
1040 3781 1080 3846 sit
1106 3783 1287 3866 cooperatio,
1299 3804 1364 3846 non

263 3918 332 3962 vero
344 3896 572 3981 poet-operatio.

305 4011 359 4074 25.
383 4007 475 4072 Sexto
489 4006 609 4093 inquit:
636 4007 722 4080 Qrcod
734 4013 777 4070 eat
792 4007 959 4090 indifferens
973 4006 1014 4068 ad
1026 4005 1204 4084 utramlibet,
1219 4027 1278 4070 aon
1292 4007 1365 4090 opit,

262 4123 321 4184 nisi
328 4121 416 4204 prins
430 4119 635 4182 determinetur
648 4120 685 4181 ab
701 4116 770 4180 alio.
818 4117 879 4180 Sed
890 4124 924 4180 nt
932 4117 1096 4200 plurimam
1112 4135 1206 4180 canae
1225 4117 1364 4196 secanda,

256 4233 404 4316 praapnc
417 4230 553 4293 volontas
567 4231 703 4306 hnmana,
718 4235 787 4290 ennt
802 4228 1000 4311 indifferentes
1014 4228 1055 4291 od
1066 4226 1244 4291 utramlibet.
1280 4229 1365 4311 Erpa

261 4366 320 4406 non
341 4349 443 4425 ayant,
467 4343 525 4404 nisi
541 4343 629 4424 prins
652 4340 878 4403 determinentur
900 4339 1070 4421 abaliquo,
1097 4339 1208 4403 scilicet
1233 4360 1252 4401 a
1275 4361 1366 4402 cansa

261 363 329 426 166,
573 383 614 425 nn
631 382 774 425 romanu
791 381 849 424 nar
867 381 904 424 ιιι
922 380 1052 424 nonno.
1222 359 1307 443 [cnr.
1324 378 1362 420 ιι.
