3222 4984
232 384 304 428 cur.
324 361 379 448 ιι]
545 384 589 428 ue
606 383 750 429 serrone
767 385 824 429 om
841 385 879 429 m
895 385 1027 431 nunno.
1279 369 1339 431 161

235 562 347 618 natura
366 575 423 619 sua
440 562 514 620 sunt
535 553 743 621 determinatae
765 556 804 620 ad
819 556 984 642 agendum,
999 564 1030 621 et
1052 577 1115 621 non
1134 554 1275 641 indigent
1290 554 1343 620 de·

236 664 394 730 terminari
417 665 548 732 iterum:
578 675 609 732 et
635 666 661 732 si
685 668 796 732 iterum
824 666 1021 734 determinari
1043 666 1227 754 indigerent,
1247 666 1344 733 motio

237 797 300 840 non
314 775 440 842 baberet
455 777 588 862 aliquam
610 779 838 863 proportionem
853 778 892 843 ad
914 778 947 843 id
960 778 1145 859 faciendum,
1161 778 1234 864 quia
1247 776 1344 842 motio

238 888 384 974 recipitur
399 888 431 954 in
449 890 628 976 passivitate
641 891 773 971 mobilis,
789 913 852 955 non
871 890 904 955 in
919 891 1032 957 virtme
1049 890 1155 971 activa,
1170 898 1207 957 ut
1221 912 1258 956 ex
1271 889 1345 956 alibi

240 998 329 1066 dictis
352 1001 614 1067 evidentissimum
634 1011 691 1067 ert.
737 1002 884 1067 Similiter
908 1024 1006 1068 causae
1028 1003 1175 1067 liberaret
1196 1001 1345 1067 babentes

240 1121 343 1176 actum
366 1113 596 1192 immanentem,
620 1113 678 1178 etsi
702 1113 862 1198 indigeant
886 1113 1000 1179 moveri
1026 1113 1195 1179 secundum
1218 1111 1344 1200 passivi·

240 1229 335 1286 tatem
359 1222 541 1309 receptivam
563 1224 729 1309 specierum
751 1234 782 1289 et
803 1224 979 1306 affectuum,
994 1247 1057 1290 non
1077 1234 1179 1290 tamen
1202 1224 1344 1309 indigent

241 1333 354 1398 moveri
371 1334 542 1398 secundum
556 1335 701 1400 virtutem
723 1336 852 1401 activam
870 1337 1044 1402 intellectus
1066 1345 1120 1400 aut
1135 1335 1345 1416 voluntatis,a

242 1466 302 1529 qua
317 1444 429 1510 virtute
444 1455 491 1511 ert
510 1456 596 1512 actus
611 1447 801 1514 immanensr
824 1469 887 1512 non
902 1448 984 1514 enim
1007 1448 1122 1534 species
1137 1456 1239 1513 movet
1253 1447 1344 1512 intel·

242 1555 356 1620 lectum
371 1557 503 1622 activum
519 1558 575 1623 sed
594 1567 640 1624 est
654 1558 822 1624 formalitas
837 1559 894 1624 sub
910 1581 971 1645 qua
984 1557 1138 1623 obiectum
1153 1556 1346 1643 intelligibile

243 1667 324 1732 intra
350 1669 499 1754 sphaeram
523 1670 859 1736 virtutisintellectivae
888 1670 1097 1750 constituitur,
1122 1680 1157 1735 ut
1180 1678 1252 1736 actu
1280 1671 1346 1734 eius

244 1779 356 1865 attingi
385 1782 481 1866 possit
513 1781 573 1866 (De
602 1781 773 1848 substantia
802 1781 964 1868 spirituali,
993 1805 1026 1848 n.
1054 1783 1123 1867 63),
1153 1804 1209 1848 nec
1242 1791 1346 1848 motus

243 1890 400 1957 effectivus
426 1892 552 1958 actualis
577 1902 680 1959 movet
705 1895 850 1960 virtutem
875 1894 1062 1980 primitivam
1079 1895 1123 1959 'ac
1148 1902 1348 1980 spontaneam

245 2003 378 2082 amandi,
394 2004 446 2069 sed
468 2014 515 2070 est
538 2005 604 2091 ipsa
618 2006 785 2071 formalitar
808 2006 867 2072 sub
882 2029 943 2093 qua
964 2007 1067 2072 existit
1087 2007 1119 2071 in
1142 2006 1252 2071 affectu
1266 2005 1349 2071 obie-

246 2124 331 2180 ctum
346 2115 457 2181 amoris
473 2110 633 2202 spontanei
648 2117 784 2183 actualia.
830 2118 934 2184 Posito
949 2127 1051 2183 autem
1066 2118 1124 2183 hoe
1139 2139 1241 2182 amore
1256 2138 1349 2202 spon·

246 2235 337 2292 taneo
347 2228 489 2293 voluntas
504 2238 551 2294 est
565 2230 598 2293 in
612 2238 683 2294 actu
694 2230 773 2295 circa
787 2253 878 2295 suum
893 2229 1057 2310 obiectum,
1067 2239 1099 2295 et
1113 2251 1184 2295 cum
1199 2251 1350 2294 concursu

246 2338 429 2404 simultaneo
451 2363 574 2406 manere
587 2350 689 2427 potest
703 2350 773 2427 post
793 2341 1012 2408 advertentiam
1027 2343 1060 2406 in
1077 2364 1113 2406 eo
1128 2349 1209 2422 actu,
1224 2340 1270 2406 vel
1285 2363 1349 2406 non

245 2472 368 2514 manere
376 2477 386 2528 3
403 2450 436 2515 in
458 2473 520 2538 quo
534 2450 673 2517 consistit
687 2452 821 2531 libertas,
836 2461 873 2516 ut
894 2473 951 2518 suo
965 2445 1031 2518 loco
1046 2451 1187 2518 vidimus.
1210 2451 1260 2516 Ad
1275 2452 1350 2536 haec,

247 2564 342 2627 motio
356 2586 424 2648 quae
441 2563 590 2649 imprimit
604 2564 736 2651 speciem
750 2573 782 2629 et
805 2573 924 2630 motum
939 2565 1112 2630 affectivum
1134 2586 1197 2629 non
1211 2572 1259 2630 est
1272 2565 1351 2632 actio

246 2696 345 2740 causae
355 2676 461 2760 primae
475 2676 579 2755 uteie,
591 2675 645 2740 sed
658 2676 738 2740 actio
749 2676 845 2761 ipsius
860 2676 971 2740 obiecti
981 2675 1101 2761 agentis
1116 2697 1185 2740 cum
1201 2695 1351 2739 concursu

248 2807 346 2850 causae
360 2786 476 2870 primae.
521 2787 596 2851 Non
606 2796 653 2852 est
667 2787 765 2872 igitur
774 2810 891 2868 verum,
903 2786 986 2872 qood
1001 2786 1102 2873 aliqua
1113 2807 1203 2850 causa
1217 2783 1352 2850 secrmda

249 2897 395 2981 indigeat,
410 2897 444 2962 in
458 2910 609 2983 quantum
625 2905 672 2964 est
686 2898 792 2978 activa,
804 2897 918 2962 moveri
933 2897 973 2962 ad
986 2906 1089 2962 actum
1104 2919 1123 2961 a
1137 2918 1228 2961 causa
1241 2896 1351 2982 prima.

249 3007 300 3070 Ad
314 3007 525 3092 probationem
541 3008 718 3073 conceditur
732 3007 815 3094 quod
832 3007 884 3072 illa
899 3008 1051 3072 sententia
1066 3006 1106 3070 sit
1120 3007 1192 3071 trita
1206 3015 1238 3071 et
1252 3006 1285 3070 in
1300 3028 1352 3071 ore

247 3118 404 3184 omnium:
424 3119 510 3205 'quod
524 3142 587 3183 non
605 3119 733 3204 impedit
748 3141 814 3184 eam
836 3119 869 3183 in
883 3123 977 3184 'sensu
992 3118 1139 3183 Goudinii
1153 3139 1218 3182 esse
1231 3117 1351 3197 falsam,

250 3239 286 3292 ut
300 3230 374 3315 ipsae
388 3230 566 3296 insolubiles
588 3240 619 3296 et
633 3230 873 3296 interminabiles
892 3230 1075 3315 questiones
1090 3231 1128 3295 ab
1143 3254 1178 3295 eu
1200 3229 1352 3295 sententia

250 3343 448 3427 procedentes
467 3345 653 3410 ostendunt:
676 3353 707 3409 et
725 3344 926 3408 nihilominus
947 3365 1010 3407 non
1030 3343 1099 3408 ideo
1114 3343 1242 3408 cessabit
1265 3343 1351 3407 Deus

250 3477 315 3518 esse
334 3457 449 3539 primus
463 3464 559 3544 mutor
573 3457 645 3541 quia
660 3456 711 3520 dat
735 3463 876 3520 naturam
892 3455 930 3519 ad
951 3455 1104 3540 agendum
1120 3454 1351 3520 determinatam

250 3575 281 3630 ct
291 3566 425 3650 proxime
435 3576 572 3651 paratam
588 3567 742 3631 adactum
759 3566 938 3648 secundum,
948 3588 1076 3651 eamque
1084 3566 1116 3630 in
1127 3575 1197 3631 actu
1209 3566 1350 3646 sentinet,

251 3686 282 3741 et
293 3699 363 3742 cum
374 3678 456 3773 ea'ab
471 3687 541 3743 actu
555 3679 654 3764 primo
668 3680 707 3744 ad
723 3679 890 3744 secundum
907 3679 1064 3764 procedit;
1087 3700 1144 3743 nec
1158 3677 1216 3743 alia
1230 3685 1277 3742 est
1292 3676 1352 3742 dil*-

249 3788 379 3853 ferentia
393 3789 473 3854 inter
487 3813 544 3856 nos
557 3799 589 3856 et
603 3791 798 3881 adversarios,
810 3790 869 3855 nisi
884 3791 966 3876 quod
981 3789 1041 3875 ipsi
1055 3798 1171 3874 ponant
1180 3789 1282 3853 Deum
1296 3811 1352 3874 per

249 3901 432 3966 creationem
447 3924 510 3966 non
521 3902 705 3966 sufficienter
719 3901 921 3967 determinare
934 3902 1119 3966 activitatem
1134 3902 1173 3966 ad
1185 3897 1350 3987 agendum,

251 4020 283 4074 et
306 4011 348 4076 sic
371 4011 479 4077 debere
500 4012 629 4077 ulterius
644 4035 710 4078 eam
726 4014 923 4097 praemotione
938 4013 1085 4094 excitare3
1119 4014 1202 4100 quod
1215 4012 1350 4078 ostendi-

252 4145 322 4188 mus
336 4122 402 4188 fieri
416 4146 480 4187 non
494 4146 600 4208 posse:
622 4145 679 4188 nos
694 4146 763 4188 vero
778 4123 838 4189 Dei
852 4146 942 4209 opera
956 4125 1089 4210 perfecta
1103 4147 1168 4190 esse
1183 4124 1350 4204 credamus,

251 4244 282 4300 et
297 4235 443 4299 virtutem
463 4235 590 4300 activam
613 4243 817 4300 creaturarum
836 4236 875 4301 ab
894 4236 961 4322 ipsa
982 4236 1132 4302 creatione
1154 4237 1229 4302 sads
1251 4233 1351 4301 deter-

250 4346 397 4412 minatam
423 4357 454 4411 et
477 4347 637 4412 excitatam
660 4347 699 4411 ad
717 4346 880 4433 agendum,
896 4356 932 4413 ut
957 4370 1019 4412 non
1043 4347 1202 4433 indigeant
1217 4348 1277 4414 alio
1290 4348 1352 4412 nisi

291 4479 364 4523 vor..
379 4479 434 4528 ιιι.
1150 4481 1176 4523 ιι
