3240 4986
232 395 302 438 cnr.
320 373 376 458 sn]
685 392 729 436 nn
746 392 877 436 nunno.
1272 371 1333 432 111

233 558 443 646 supponendo,
459 557 542 642 qnod
562 555 605 638 id,
621 556 703 642 qnod
717 556 876 636 transitur,
892 555 984 621 luerit
998 555 1132 636 linitam,
1147 564 1184 622 nt
1197 564 1285 622 notat
1301 558 1334 623 S.

233 673 366 737 'l'homas
383 672 427 756 (p.
443 674 473 735 1.
487 692 517 755 q.
533 672 586 734 46.
603 692 631 734 a.
646 673 668 734 2
682 669 722 734 ad
736 670 816 753 3111);
839 691 933 754 quere
946 668 1086 753 probatio
1100 668 1165 734 haec
1179 668 1240 733 iarn
1261 692 1334 755 snp-

231 782 320 870 ponit
332 783 439 848 seriem
451 788 656 846 ereaturarum
667 780 786 844 linitam
797 778 989 844 durationem
1000 778 1152 845 habuisse.
1180 779 1333 845 Ceterum

233 905 356 980 tempus
369 893 510 979 generale
524 900 571 958 est
581 891 738 956 resultatio
749 891 892 956 mentalis
901 891 1033 956 deducta
1042 913 1080 956 ex
1089 891 1164 956 reali
1174 892 1333 958 duratione

233 1006 473 1090 uniuscuiusque
491 1003 638 1083 durantis,
654 1024 722 1088 quae
741 1002 862 1067 duratio
882 1010 962 1067 esset
978 1024 1015 1067 ex
1034 1002 1197 1088 hypothesi
1218 1002 1335 1068 diversa

233 1121 266 1184 in
281 1118 417 1196 diuersis,
433 1125 464 1181 et
479 1115 512 1180 in
527 1114 659 1199 singulis
672 1113 904 1199 permansibilis,
921 1112 993 1199 quia
1007 1112 1129 1198 singula
1146 1113 1257 1178 habere
1275 1115 1334 1179 ini·

233 1233 313 1298 tium
336 1237 560 1315 supponuntur.
606 1227 800 1292 Intractntu
823 1227 861 1291 do
881 1225 1004 1290 infinito
1025 1226 1090 1292 haee
1111 1226 1214 1291 omnia
1235 1227 1335 1311 magis

234 1343 477 1431 explicabuntur.
521 1339 668 1406 Rationes
682 1360 756 1422 ergo
770 1338 837 1403 istae
847 1359 911 1402 non
919 1337 1062 1422 videntur
1073 1336 1188 1422 aliquid
1199 1338 1334 1422 rigorose

233 1457 379 1542 probare:
401 1462 432 1518 et
451 1474 556 1537 reapse
572 1451 604 1515 S.
618 1450 762 1528 Thomas,
778 1449 832 1534 qui
854 1457 885 1514 et
906 1448 982 1513 istas
1003 1457 1035 1513 et
1054 1448 1128 1513 alias
1144 1448 1247 1534 plures
1267 1448 1333 1513 sine

234 1568 328 1633 dubio
352 1563 564 1642 consideravit,
583 1561 663 1626 nihil
688 1584 706 1626 a
731 1561 881 1625 contraria
899 1561 1051 1624 sententie
1071 1560 1206 1624 dimotus
1224 1568 1281 1639 eet,
1302 1570 1333 1624 et

234 1679 374 1765 explicite
393 1676 468 1741 dicit
487 1675 557 1758 (loc.
580 1673 632 1739 eit.
654 1672 694 1738 ad
717 1673 773 1756 711)
797 1671 880 1757 quod
902 1672 994 1736 etiam
1013 1672 1048 1735 in
1063 1671 1138 1736 serie
1153 1671 1335 1737 ascendente

234 1811 394 1857 causarum
419 1784 615 1852 efficientium
641 1782 767 1868 (nedum
790 1783 824 1847 in
850 1783 927 1847 serie
952 1782 1095 1868 simplici)
1122 1783 1267 1868 possibile
1287 1793 1334 1848 est

234 1903 395 1989 presedere
422 1899 456 1963 in
485 1895 651 1974 infinitum,
675 1892 799 1979 quando
828 1916 932 1959 earum
961 1894 1175 1980 multiplicatio
1205 1904 1251 1960 est
1279 1918 1335 1981 per

233 2013 381 2092 accidens,
395 2010 430 2076 id
450 2017 497 2074 est
519 2007 643 2095 quando
664 2027 728 2071 non
749 2029 804 2092 per
825 2029 857 2070 se
878 2005 1076 2092 requiruntur
1098 2006 1137 2070 ad
1156 2003 1333 2092 ponendum

235 2125 387 2191 effectum.
431 2121 473 2186 llt
502 2119 545 2185 sio
567 2120 640 2183 Non
669 2126 712 2183 eet
739 2119 925 2201 impossibile,
955 2116 1120 2198 concludit,
1146 2119 1226 2201 qaod
1251 2121 1336 2183 tomo

231 2244 385 2325 poneretur
398 2235 436 2299 ab
451 2233 564 2297 homine
578 2232 611 2295 in
631 2230 788 2316 infinitum.
832 2229 874 2292 Et
896 2229 1093 2314 quantumvis
1115 2229 1173 2294 hoc
1193 2231 1295 2314 ipsum
1318 2253 1336 2294 a

235 2349 376 2436 pluribus
390 2345 552 2423 reiiciatur,
561 2342 634 2429 quia
643 2340 804 2407 difficulter
814 2340 946 2434 intelligi
956 2349 1058 2425 potest
1067 2367 1077 2421 3
1101 2363 1219 2426 semper
1230 2350 1335 2406 tamen

238 2463 349 2529 desunt
362 2457 496 2523 rationes
509 2455 643 2520 efficaces
657 2454 691 2518 in
711 2453 896 2518 eontrarium
906 2455 948 2531 *3
971 2461 1002 2517 et
1021 2475 1040 2517 a
1058 2451 1177 2518 fortiori
1195 2452 1335 2533 deerunt,

235 2573 261 2638 si
275 2582 385 2659 maun
399 2571 438 2635 de
452 2567 528 2634 serie
542 2565 673 2654 simplici
687 2572 904 2644 creaturarum,
919 2565 952 2629 in
972 2564 1084 2650 quibus
1104 2587 1168 2631 non
1186 2565 1336 2631 habeatur

233 2681 420 2749 necessarius
434 2701 469 2744 ec
482 2684 650 2763 perpetuus
663 2675 738 2740 ordo
752 2675 947 2740 causalitatis.

278 2794 312 2860 Si
327 2815 388 2879 qua
402 2791 558 2876 igiturest
572 2788 660 2867 ratio,
676 2810 737 2873 qua
751 2787 898 2872 probetur
912 2785 1140 2871 impossibilitas
1154 2787 1225 2852 talis
1248 2789 1336 2853 seriei

234 2907 273 2972 ab
287 2913 411 2984 eterno,
426 2901 503 2966 milri
517 2897 638 2966 uidetur
650 2899 783 2983 petenda
797 2919 833 2962 ex
852 2897 921 2976 hoc,
943 2898 1027 2982 quod
1044 2919 1150 2962 omnes
1170 2907 1202 2964 et
1221 2899 1337 2984 singuli

235 3016 359 3084 termini
380 3014 468 3080 seriei
488 3012 652 3078 habuerint
674 3010 798 3077 initium
820 3011 986 3094 temporis:
1009 3018 1040 3075 et
1056 3010 1099 3075 sic
1115 3034 1178 3076 non
1193 3013 1291 3097 possit
1305 3014 1338 3077 in

233 3131 310 3196 serie
323 3126 452 3194 inveniri
466 3123 591 3211 aliquod
604 3122 840 3188 fundamentum
855 3121 1021 3186 existentiae
1035 3122 1074 3186 ab
1089 3131 1212 3190 emmo.
1242 3124 1335 3203 Quod

233 3241 345 3307 habere
367 3237 529 3305 debuerint
550 3257 656 3301 omnes
675 3234 800 3299 termini
814 3233 939 3298 initium
952 3234 1100 3318 temporis
1115 3243 1235 3300 constat
1250 3258 1287 3302 ex
1301 3259 1337 3301 eo

234 3354 316 3441 quod
325 3352 442 3418 fixerint
463 3348 578 3429 ereati3
600 3347 774 3413 habuerunt
796 3368 869 3431 ergo
891 3367 969 3411 nunc
982 3347 1153 3428 creationis,
1169 3349 1252 3433 qnod
1268 3349 1338 3414 sine

235 3466 328 3532 dubio
349 3464 410 3530 fuit
428 3461 561 3549 primum
576 3482 653 3524 nunc
666 3458 746 3523 reale
760 3458 907 3543 ipsorum.
952 3457 992 3521 In
1008 3458 1083 3522 serie
1098 3467 1210 3537 autem,
1227 3459 1334 3545 inqua

235 3600 341 3644 ornnes
362 3574 486 3641 termini
506 3572 621 3638 habent
644 3570 767 3636 initium
789 3571 946 3655 temporis,
962 3570 1047 3634 nulla
1069 3571 1219 3636 contineri
1233 3580 1336 3657 potest

233 3690 310 3755 ratio
338 3686 501 3753 excludens
529 3684 655 3749 initium
683 3682 838 3767 temporis.
895 3681 979 3765 Ergo
1008 3682 1099 3746 series
1129 3691 1336 3749 creaturarum

234 3800 343 3887 nequit
357 3819 423 3864 esse
436 3797 475 3862 ab
490 3804 613 3860 aeterno.
657 3793 699 3856 Et
714 3791 772 3857 hoc
787 3799 1004 3876 argumentum
1020 3792 1118 3856 simile
1132 3801 1179 3857 est
1194 3792 1239 3857 illi
1254 3795 1337 3878 quod

236 3911 306 3978 duci
321 3910 397 3976 solet
411 3931 430 3976 a
443 3905 654 3991 contingentia
669 3903 859 3989 singularum
875 3911 1081 3968 creaturarum
1092 3903 1132 3967 ad
1145 3903 1336 3987 probandum

236 4023 320 4110 quod
333 4030 409 4087 tota'
414 4020 505 4085 series
520 4026 567 4084 est
581 4016 774 4101 contingens.

277 4137 331 4200 38.
355 4130 510 4217 Sequitur,
525 4127 679 4194 mundum
694 4148 750 4191 nec
764 4149 829 4190 ease
844 4146 900 4190 nee
915 4127 1051 4210 potuisse
1065 4147 1131 4190 esse
1153 4125 1192 4190 ab
1214 4134 1336 4207 aeterno,

271 4281 285 4310 *
304 4277 375 4332 Vide
387 4274 502 4348 speciale
515 4271 674 4345 opusculum
687 4269 714 4325 S.
725 4270 837 4324 Thomae
850 4269 893 4324 De
905 4269 1048 4324 eternitate
1060 4269 1153 4323 mendi
1164 4276 1253 4324 contra
1265 4289 1339 4326 mur·

235 4370 381 4418 merentes:
400 4361 538 4415 invenitur
549 4363 641 4416 autem
652 4358 724 4413 inter
736 4356 864 4428 opusoude
876 4354 904 4409 S.
918 4355 1042 4410 Doctoris
1055 4355 1105 4410 sub
1117 4373 1229 4411 numero
1241 4358 1327 4413 xxvii.
