<?xml version="1.0" encoding="UTF-8"?>
<!DOCTYPE html PUBLIC "-//W3C//DTD XHTML 1.0 Transitional//EN"
    "http://www.w3.org/TR/xhtml1/DTD/xhtml1-transitional.dtd">
<html xmlns="http://www.w3.org/1999/xhtml" xml:lang="en" lang="en">
 <head>
  <title>
</title>
<meta http-equiv="Content-Type" content="text/html;charset=utf-8" />
  <meta name='ocr-system' content='tesseract 3.04.00' />
  <meta name='ocr-capabilities' content='ocr_page ocr_carea ocr_par ocr_line ocrx_word'/>
</head>
<body>
  <div class='ocr_page' id='page_1' title='image "./realisphilosoph01baymgoog_0174.png"; bbox 0 0 3222 4984; ppageno 0'>
   <div class='ocr_carea' id='block_1_1' title="bbox 221 330 1326 418">
    <p class='ocr_par' dir='ltr' id='par_1_1' title="bbox 221 330 1326 418">
     <span class='ocr_line' id='line_1_1' title="bbox 221 330 1326 418; baseline -0.005 -21"><span class='ocrx_word' id='word_1_1' title='bbox 221 354 291 399; x_wconf 76' lang='lat' dir='ltr'>cnr.</span> <span class='ocrx_word' id='word_1_2' title='bbox 307 333 362 418; x_wconf 75' lang='grc' dir='ltr'><strong>ιι]</strong></span> <span class='ocrx_word' id='word_1_3' title='bbox 531 352 574 396; x_wconf 84' lang='lat' dir='ltr'>nn</span> <span class='ocrx_word' id='word_1_4' title='bbox 590 351 736 396; x_wconf 74' lang='lat' dir='ltr'>serrone</span> <span class='ocrx_word' id='word_1_5' title='bbox 753 351 811 394; x_wconf 79' lang='lat' dir='ltr'>nni</span> <span class='ocrx_word' id='word_1_6' title='bbox 829 350 868 394; x_wconf 83' lang='lat' dir='ltr'>ru</span> <span class='ocrx_word' id='word_1_7' title='bbox 885 350 1015 394; x_wconf 78' lang='lat' dir='ltr'>nonno.</span> <span class='ocrx_word' id='word_1_8' title='bbox 1264 330 1326 392; x_wconf 87' lang='grc'>159</span> 
     </span>
    </p>
   </div>
   <div class='ocr_carea' id='block_1_2' title="bbox 221 511 1391 4381">
    <p class='ocr_par' dir='ltr' id='par_1_2' title="bbox 221 511 1391 3602">
     <span class='ocr_line' id='line_1_2' title="bbox 221 511 1328 599; baseline -0.004 -21"><span class='ocrx_word' id='word_1_9' title='bbox 221 523 370 594; x_wconf 68' lang='lat' dir='ltr'>nectura,</span> <span class='ocrx_word' id='word_1_10' title='bbox 393 520 424 576; x_wconf 91' lang='lat' dir='ltr'>et</span> <span class='ocrx_word' id='word_1_11' title='bbox 449 512 533 597; x_wconf 90' lang='lat' dir='ltr'>quod</span> <span class='ocrx_word' id='word_1_12' title='bbox 557 513 696 599; x_wconf 87' lang='lat' dir='ltr'>sequitur</span> <span class='ocrx_word' id='word_1_13' title='bbox 721 534 903 577; x_wconf 89' lang='lat' dir='ltr'>concursum</span> <span class='ocrx_word' id='word_1_14' title='bbox 927 511 967 580; x_wconf 89' lang='lat' dir='ltr'>sit</span> <span class='ocrx_word' id='word_1_15' title='bbox 992 519 1077 576; x_wconf 81' lang='lat' dir='ltr'>actua</span> <span class='ocrx_word' id='word_1_16' title='bbox 1099 511 1328 576; x_wconf 68' lang='lat' dir='ltr'>accidentalitas</span> 
     </span>
     <span class='ocr_line' id='line_1_3' title="bbox 221 621 1326 708; baseline -0.005 -18"><span class='ocrx_word' id='word_1_17' title='bbox 221 633 359 690; x_wconf 88' lang='lat' dir='ltr'>creatura</span> <span class='ocrx_word' id='word_1_18' title='bbox 383 623 513 708; x_wconf 87' lang='lat' dir='ltr'>positus.</span> <span class='ocrx_word' id='word_1_19' title='bbox 558 624 647 688; x_wconf 92' lang='lat' dir='ltr'>Nihil</span> <span class='ocrx_word' id='word_1_20' title='bbox 671 645 744 708; x_wconf 84' lang='lat' dir='ltr'>ergo</span> <span class='ocrx_word' id='word_1_21' title='bbox 770 623 945 688; x_wconf 90' lang='lat' dir='ltr'>addendum</span> <span class='ocrx_word' id='word_1_22' title='bbox 971 632 1019 688; x_wconf 89' lang='lat' dir='ltr'>est</span> <span class='ocrx_word' id='word_1_23' title='bbox 1045 645 1081 690; x_wconf 87' lang='lat' dir='ltr'>ex</span> <span class='ocrx_word' id='word_1_24' title='bbox 1105 632 1194 708; x_wconf 87' lang='lat' dir='ltr'>parte</span> <span class='ocrx_word' id='word_1_25' title='bbox 1207 622 1268 686; x_wconf 88' lang='lat' dir='ltr'>Dei</span> <span class='ocrx_word' id='word_1_26' title='bbox 1287 621 1326 686; x_wconf 85' lang='lat' dir='ltr'>ad</span> 
     </span>
     <span class='ocr_line' id='line_1_4' title="bbox 221 734 1391 821; baseline -0.001 -22"><span class='ocrx_word' id='word_1_27' title='bbox 221 736 397 801; x_wconf 89' lang='lat' dir='ltr'>habendum</span> <span class='ocrx_word' id='word_1_28' title='bbox 415 757 597 801; x_wconf 90' lang='lat' dir='ltr'>concursum</span> <span class='ocrx_word' id='word_1_29' title='bbox 620 735 847 800; x_wconf 86' lang='lat' dir='ltr'>simultaneum.</span> <span class='ocrx_word' id='word_1_30' title='bbox 893 737 959 801; x_wconf 91' lang='lat' dir='ltr'>Nec</span> <span class='ocrx_word' id='word_1_31' title='bbox 982 743 1086 802; x_wconf 85' lang='lat' dir='ltr'>tamen</span> <span class='ocrx_word' id='word_1_32' title='bbox 1109 735 1257 821; x_wconf 89' lang='lat' dir='ltr'>sequitur,</span> <span class='ocrx_word' id='word_1_33' title='bbox 1273 734 1326 798; x_wconf 87' lang='lat' dir='ltr'>ad·</span> <span class='ocrx_word' id='word_1_34' title='bbox 1389 808 1391 812; x_wconf 23' lang='lat'>¹</span> 
     </span>
     <span class='ocr_line' id='line_1_5' title="bbox 223 845 1326 932; baseline -0.001 -21"><span class='ocrx_word' id='word_1_35' title='bbox 223 848 305 912; x_wconf 90' lang='lat' dir='ltr'>mitti</span> <span class='ocrx_word' id='word_1_36' title='bbox 319 870 374 932; x_wconf 92' lang='lat' dir='ltr'>per</span> <span class='ocrx_word' id='word_1_37' title='bbox 390 847 449 912; x_wconf 92' lang='lat' dir='ltr'>hoc</span> <span class='ocrx_word' id='word_1_38' title='bbox 468 847 651 913; x_wconf 83' lang='lat' dir='ltr'>sententiam</span> <span class='ocrx_word' id='word_1_39' title='bbox 666 847 829 912; x_wconf 86' lang='lat' dir='ltr'>Durandi:</span> <span class='ocrx_word' id='word_1_40' title='bbox 853 869 921 932; x_wconf 83' lang='lat' dir='ltr'>quae</span> <span class='ocrx_word' id='word_1_41' title='bbox 939 855 985 912; x_wconf 89' lang='lat' dir='ltr'>est</span> <span class='ocrx_word' id='word_1_42' title='bbox 1005 869 1131 932; x_wconf 88' lang='lat' dir='ltr'>prorsus</span> <span class='ocrx_word' id='word_1_43' title='bbox 1153 845 1326 925; x_wconf 77' lang='lat' dir='ltr'>reficienda,</span> 
     </span>
     <span class='ocr_line' id='line_1_6' title="bbox 223 956 1327 1044; baseline 0 -22"><span class='ocrx_word' id='word_1_44' title='bbox 223 959 294 1044; x_wconf 90' lang='lat' dir='ltr'>quia</span> <span class='ocrx_word' id='word_1_45' title='bbox 314 959 412 1024; x_wconf 83' lang='lat' dir='ltr'>solum</span> <span class='ocrx_word' id='word_1_46' title='bbox 434 959 591 1022; x_wconf 67' lang='lat' dir='ltr'>radiatum</span> <span class='ocrx_word' id='word_1_47' title='bbox 612 980 793 1022; x_wconf 88' lang='lat' dir='ltr'>concursum</span> <span class='ocrx_word' id='word_1_48' title='bbox 816 958 916 1042; x_wconf 91' lang='lat' dir='ltr'>ponit,</span> <span class='ocrx_word' id='word_1_49' title='bbox 930 979 986 1022; x_wconf 92' lang='lat' dir='ltr'>nec</span> <span class='ocrx_word' id='word_1_50' title='bbox 1001 966 1170 1024; x_wconf 89' lang='lat' dir='ltr'>creaturam</span> <span class='ocrx_word' id='word_1_51' title='bbox 1186 956 1259 1022; x_wconf 89' lang='lat' dir='ltr'>satis</span> <span class='ocrx_word' id='word_1_52' title='bbox 1274 957 1327 1022; x_wconf 90' lang='lat' dir='ltr'>de·</span> 
     </span>
     <span class='ocr_line' id='line_1_7' title="bbox 224 1068 1326 1156; baseline -0.001 -21"><span class='ocrx_word' id='word_1_53' title='bbox 224 1070 409 1156; x_wconf 83' lang='lat' dir='ltr'><strong>pendentem</strong></span> <span class='ocrx_word' id='word_1_54' title='bbox 424 1069 497 1134; x_wconf 84' lang='lat' dir='ltr'>facit</span> <span class='ocrx_word' id='word_1_55' title='bbox 517 1068 810 1154; x_wconf 86' lang='lat' dir='ltr'>aDe0,praese1tim</span> <span class='ocrx_word' id='word_1_56' title='bbox 835 1069 861 1133; x_wconf 87' lang='lat' dir='ltr'>si</span> <span class='ocrx_word' id='word_1_57' title='bbox 881 1069 1049 1155; x_wconf 80' lang='lat' dir='ltr'><strong>explicetur</strong></span> <span class='ocrx_word' id='word_1_58' title='bbox 1065 1070 1151 1134; x_wconf 84' lang='lat' dir='ltr'>iuxta</span> <span class='ocrx_word' id='word_1_59' title='bbox 1169 1070 1326 1156; x_wconf 79' lang='lat' dir='ltr'><strong>physicam</strong></span> 
     </span>
     <span class='ocr_line' id='line_1_8' title="bbox 224 1179 1328 1267; baseline -0.002 -21"><span class='ocrx_word' id='word_1_60' title='bbox 224 1182 394 1266; x_wconf 89' lang='lat' dir='ltr'>antiquam.</span> <span class='ocrx_word' id='word_1_61' title='bbox 427 1181 595 1246; x_wconf 85' lang='lat' dir='ltr'>·Putabant</span> <span class='ocrx_word' id='word_1_62' title='bbox 624 1181 706 1246; x_wconf 92' lang='lat' dir='ltr'>enim</span> <span class='ocrx_word' id='word_1_63' title='bbox 732 1180 901 1245; x_wconf 87' lang='lat' dir='ltr'>Durandus</span> <span class='ocrx_word' id='word_1_64' title='bbox 926 1189 957 1245; x_wconf 90' lang='lat' dir='ltr'>et</span> <span class='ocrx_word' id='word_1_65' title='bbox 986 1180 1035 1246; x_wconf 91' lang='lat' dir='ltr'>alii</span> <span class='ocrx_word' id='word_1_66' title='bbox 1065 1181 1239 1267; x_wconf 78' lang='lat' dir='ltr'>philosophi</span> <span class='ocrx_word' id='word_1_67' title='bbox 1262 1179 1328 1244; x_wconf 85' lang='lat' dir='ltr'>eius</span> 
     </span>
     <span class='ocr_line' id='line_1_9' title="bbox 224 1291 1328 1378; baseline -0.002 -21"><span class='ocrx_word' id='word_1_68' title='bbox 224 1292 370 1378; x_wconf 86' lang='lat' dir='ltr'>temporis</span> <span class='ocrx_word' id='word_1_69' title='bbox 388 1294 435 1377; x_wconf 88' lang='lat' dir='ltr'>(ut</span> <span class='ocrx_word' id='word_1_70' title='bbox 450 1301 482 1357; x_wconf 90' lang='lat' dir='ltr'>et</span> <span class='ocrx_word' id='word_1_71' title='bbox 496 1293 588 1356; x_wconf 89' lang='lat' dir='ltr'>multi</span> <span class='ocrx_word' id='word_1_72' title='bbox 602 1314 695 1372; x_wconf 90' lang='lat' dir='ltr'>nunc,</span> <span class='ocrx_word' id='word_1_73' title='bbox 711 1292 765 1378; x_wconf 93' lang='lat' dir='ltr'>qui</span> <span class='ocrx_word' id='word_1_74' title='bbox 779 1292 818 1357; x_wconf 90' lang='lat' dir='ltr'>de</span> <span class='ocrx_word' id='word_1_75' title='bbox 832 1292 924 1357; x_wconf 87' lang='lat' dir='ltr'>rebus</span> <span class='ocrx_word' id='word_1_76' title='bbox 939 1291 1073 1378; x_wconf 80' lang='lat' dir='ltr'><strong>physicis</strong></span> <span class='ocrx_word' id='word_1_77' title='bbox 1089 1293 1192 1357; x_wconf 88' lang='lat' dir='ltr'>minus</span> <span class='ocrx_word' id='word_1_78' title='bbox 1207 1291 1328 1357; x_wconf 82' lang='lat' dir='ltr'>solliciti</span> 
     </span>
     <span class='ocr_line' id='line_1_10' title="bbox 225 1403 1329 1488; baseline -0.003 -19"><span class='ocrx_word' id='word_1_79' title='bbox 225 1406 310 1488; x_wconf 88' lang='lat' dir='ltr'>sunt)</span> <span class='ocrx_word' id='word_1_80' title='bbox 333 1403 412 1470; x_wconf 84' lang='lat' dir='ltr'>vires</span> <span class='ocrx_word' id='word_1_81' title='bbox 436 1412 642 1469; x_wconf 89' lang='lat' dir='ltr'>creaturarum</span> <span class='ocrx_word' id='word_1_82' title='bbox 666 1425 732 1467; x_wconf 87' lang='lat' dir='ltr'>esse</span> <span class='ocrx_word' id='word_1_83' title='bbox 762 1403 901 1488; x_wconf 85' lang='lat' dir='ltr'>quaedam</span> <span class='ocrx_word' id='word_1_84' title='bbox 930 1403 1105 1482; x_wconf 86' lang='lat' dir='ltr'>accidentia,</span> <span class='ocrx_word' id='word_1_85' title='bbox 1133 1412 1164 1468; x_wconf 89' lang='lat' dir='ltr'>et</span> <span class='ocrx_word' id='word_1_86' title='bbox 1191 1403 1329 1487; x_wconf 85' lang='lat' dir='ltr'>indigere</span> 
     </span>
     <span class='ocr_line' id='line_1_11' title="bbox 225 1514 1328 1610; baseline -0.002 -29"><span class='ocrx_word' id='word_1_87' title='bbox 225 1517 355 1602; x_wconf 89' lang='lat' dir='ltr'>positiva</span> <span class='ocrx_word' id='word_1_88' title='bbox 369 1515 558 1595; x_wconf 81' lang='lat' dir='ltr'>excitatione,</span> <span class='ocrx_word' id='word_1_89' title='bbox 574 1524 609 1579; x_wconf 95' lang='lat' dir='ltr'>ut</span> <span class='ocrx_word' id='word_1_90' title='bbox 625 1514 850 1599; x_wconf 85' lang='lat' dir='ltr'>complerentur</span> <span class='ocrx_word' id='word_1_91' title='bbox 868 1514 902 1578; x_wconf 92' lang='lat' dir='ltr'>in</span> <span class='ocrx_word' id='word_1_92' title='bbox 921 1537 987 1578; x_wconf 88' lang='lat' dir='ltr'>csse</span> <span class='ocrx_word' id='word_1_93' title='bbox 1007 1515 1142 1599; x_wconf 83' lang='lat' dir='ltr'>proxime</span> <span class='ocrx_word' id='word_1_94' title='bbox 1161 1517 1328 1610; x_wconf 87' lang='lat' dir='ltr'>operativa·</span> 
     </span>
     <span class='ocr_line' id='line_1_12' title="bbox 226 1625 1329 1704; baseline -0.005 -11"><span class='ocrx_word' id='word_1_95' title='bbox 226 1652 306 1694; x_wconf 89' lang='lat' dir='ltr'>rum.</span> <span class='ocrx_word' id='word_1_96' title='bbox 352 1627 421 1692; x_wconf 90' lang='lat' dir='ltr'>Hoc</span> <span class='ocrx_word' id='word_1_97' title='bbox 439 1627 466 1691; x_wconf 84' lang='lat' dir='ltr'>si</span> <span class='ocrx_word' id='word_1_98' title='bbox 484 1635 564 1692; x_wconf 88' lang='lat' dir='ltr'>esset</span> <span class='ocrx_word' id='word_1_99' title='bbox 579 1649 694 1704; x_wconf 89' lang='lat' dir='ltr'>verum,</span> <span class='ocrx_word' id='word_1_100' title='bbox 713 1647 776 1689; x_wconf 90' lang='lat' dir='ltr'>non</span> <span class='ocrx_word' id='word_1_101' title='bbox 799 1625 949 1689; x_wconf 89' lang='lat' dir='ltr'>sufficeret</span> <span class='ocrx_word' id='word_1_102' title='bbox 967 1625 1128 1692; x_wconf 80' lang='lat' dir='ltr'>admittere</span> <span class='ocrx_word' id='word_1_103' title='bbox 1147 1647 1329 1690; x_wconf 88' lang='lat' dir='ltr'>concursum</span> 
     </span>
     <span class='ocr_line' id='line_1_13' title="bbox 227 1736 1330 1822; baseline -0.004 -18"><span class='ocrx_word' id='word_1_104' title='bbox 227 1739 455 1820; x_wconf 86' lang='lat' dir='ltr'>simultaneum,</span> <span class='ocrx_word' id='word_1_105' title='bbox 471 1737 525 1802; x_wconf 90' lang='lat' dir='ltr'>sed</span> <span class='ocrx_word' id='word_1_106' title='bbox 545 1737 616 1802; x_wconf 89' lang='lat' dir='ltr'>addi</span> <span class='ocrx_word' id='word_1_107' title='bbox 639 1737 761 1802; x_wconf 88' lang='lat' dir='ltr'>deberet</span> <span class='ocrx_word' id='word_1_108' title='bbox 783 1736 875 1800; x_wconf 90' lang='lat' dir='ltr'>etiam</span> <span class='ocrx_word' id='word_1_109' title='bbox 896 1737 1006 1820; x_wconf 77' lang='lat' dir='ltr'>pravis</span> <span class='ocrx_word' id='word_1_110' title='bbox 1021 1737 1125 1802; x_wconf 89' lang='lat' dir='ltr'>motio.</span> <span class='ocrx_word' id='word_1_111' title='bbox 1171 1737 1231 1802; x_wconf 83' lang='lat' dir='ltr'>Sed</span> <span class='ocrx_word' id='word_1_112' title='bbox 1246 1736 1330 1822; x_wconf 90' lang='lat' dir='ltr'>quod</span> 
     </span>
     <span class='ocr_line' id='line_1_14' title="bbox 225 1849 1330 1937; baseline -0.004 -21"><span class='ocrx_word' id='word_1_113' title='bbox 225 1852 259 1916; x_wconf 92' lang='lat' dir='ltr'>hi</span> <span class='ocrx_word' id='word_1_114' title='bbox 274 1851 449 1937; x_wconf 86' lang='lat' dir='ltr'>philosophi</span> <span class='ocrx_word' id='word_1_115' title='bbox 464 1858 650 1926; x_wconf 87' lang='lat' dir='ltr'>censuerunt</span> <span class='ocrx_word' id='word_1_116' title='bbox 668 1850 733 1914; x_wconf 87' lang='lat' dir='ltr'>dari</span> <span class='ocrx_word' id='word_1_117' title='bbox 756 1859 900 1914; x_wconf 86' lang='lat' dir='ltr'>creaturae</span> <span class='ocrx_word' id='word_1_118' title='bbox 923 1849 996 1913; x_wconf 92' lang='lat' dir='ltr'>dum</span> <span class='ocrx_word' id='word_1_119' title='bbox 1018 1860 1180 1935; x_wconf 87' lang='lat' dir='ltr'>operatura</span> <span class='ocrx_word' id='word_1_120' title='bbox 1200 1858 1257 1929; x_wconf 88' lang='lat' dir='ltr'>est,</span> <span class='ocrx_word' id='word_1_121' title='bbox 1272 1849 1330 1913; x_wconf 91' lang='lat' dir='ltr'>hoc</span> 
     </span>
     <span class='ocr_line' id='line_1_15' title="bbox 226 1961 1329 2045; baseline -0.003 -19"><span class='ocrx_word' id='word_1_122' title='bbox 226 1985 282 2026; x_wconf 88' lang='lat' dir='ltr'>nos</span> <span class='ocrx_word' id='word_1_123' title='bbox 297 1984 455 2027; x_wconf 81' lang='lat' dir='ltr'>censemus</span> <span class='ocrx_word' id='word_1_124' title='bbox 470 1961 536 2026; x_wconf 90' lang='lat' dir='ltr'>dari</span> <span class='ocrx_word' id='word_1_125' title='bbox 550 1969 695 2026; x_wconf 86' lang='lat' dir='ltr'>creaturae</span> <span class='ocrx_word' id='word_1_126' title='bbox 710 1963 742 2024; x_wconf 81' lang='lat' dir='ltr'>io</span> <span class='ocrx_word' id='word_1_127' title='bbox 752 1963 816 2044; x_wconf 64' lang='lat' dir='ltr'>pra</span> <span class='ocrx_word' id='word_1_128' title='bbox 827 1963 890 2025; x_wconf 78' lang='lat' dir='ltr'>cias</span> <span class='ocrx_word' id='word_1_129' title='bbox 901 1963 1066 2039; x_wconf 63' lang='lat' dir='ltr'>creatiow</span> <span class='ocrx_word' id='word_1_130' title='bbox 1089 1970 1208 2026; x_wconf 86' lang='lat' dir='ltr'>creatur</span> <span class='ocrx_word' id='word_1_131' title='bbox 1218 1981 1329 2045; x_wconf 89' lang='lat' dir='ltr'>nempe</span> 
     </span>
     <span class='ocr_line' id='line_1_16' title="bbox 228 2071 1330 2157; baseline -0.003 -19"><span class='ocrx_word' id='word_1_132' title='bbox 228 2097 319 2138; x_wconf 79' lang='lat' dir='ltr'>causa</span> <span class='ocrx_word' id='word_1_133' title='bbox 333 2073 465 2138; x_wconf 87' lang='lat' dir='ltr'>secunda</span> <span class='ocrx_word' id='word_1_134' title='bbox 480 2095 552 2138; x_wconf 90' lang='lat' dir='ltr'>cum</span> <span class='ocrx_word' id='word_1_135' title='bbox 566 2072 678 2138; x_wconf 72' lang='grc' dir='ltr'><strong>ιίιιιιιι</strong></span> <span class='ocrx_word' id='word_1_136' title='bbox 693 2071 726 2136; x_wconf 91' lang='lat' dir='ltr'>in</span> <span class='ocrx_word' id='word_1_137' title='bbox 740 2080 812 2137; x_wconf 90' lang='lat' dir='ltr'>actu</span> <span class='ocrx_word' id='word_1_138' title='bbox 826 2073 926 2156; x_wconf 90' lang='lat' dir='ltr'>primo</span> <span class='ocrx_word' id='word_1_139' title='bbox 940 2080 1107 2157; x_wconf 86' lang='lat' dir='ltr'>praeparata</span> <span class='ocrx_word' id='word_1_140' title='bbox 1118 2071 1156 2136; x_wconf 88' lang='lat' dir='ltr'>ad</span> <span class='ocrx_word' id='word_1_141' title='bbox 1166 2071 1330 2156; x_wconf 85' lang='lat' dir='ltr'>agendum,</span> 
     </span>
     <span class='ocr_line' id='line_1_17' title="bbox 227 2162 1333 2267; baseline -0.003 -19"><span class='ocrx_word' id='word_1_142' title='bbox 227 2184 272 2249; x_wconf 91' lang='lat' dir='ltr'>ita</span> <span class='ocrx_word' id='word_1_143' title='bbox 286 2184 416 2248; x_wconf 86' lang='lat' dir='ltr'>utnulla</span> <span class='ocrx_word' id='word_1_144' title='bbox 430 2205 508 2248; x_wconf 86' lang='lat' dir='ltr'>nova</span> <span class='ocrx_word' id='word_1_145' title='bbox 518 2183 697 2248; x_wconf 87' lang='lat' dir='ltr'>accidentali</span> <span class='ocrx_word' id='word_1_146' title='bbox 707 2182 887 2248; x_wconf 82' lang='lat' dir='ltr'>excitatione</span> <span class='ocrx_word' id='word_1_147' title='bbox 896 2191 993 2267; x_wconf 86' lang='lat' dir='ltr'>egeat,</span> <span class='ocrx_word' id='word_1_148' title='bbox 1005 2183 1059 2247; x_wconf 86' lang='lat' dir='ltr'>sed</span> <span class='ocrx_word' id='word_1_149' title='bbox 1069 2190 1190 2248; x_wconf 88' lang='lat' dir='ltr'>tantum</span> <span class='ocrx_word' id='word_1_150' title='bbox 1200 2162 1333 2248; x_wconf 84' lang='lat' dir='ltr'>termino</span> 
     </span>
     <span class='ocr_line' id='line_1_18' title="bbox 229 2295 1330 2381; baseline -0.002 -21"><span class='ocrx_word' id='word_1_151' title='bbox 229 2295 268 2360; x_wconf 90' lang='lat' dir='ltr'>ad</span> <span class='ocrx_word' id='word_1_152' title='bbox 283 2318 375 2381; x_wconf 91' lang='lat' dir='ltr'>quem</span> <span class='ocrx_word' id='word_1_153' title='bbox 387 2296 590 2376; x_wconf 59' lang='lat' dir='ltr'>terminatum</span> <span class='ocrx_word' id='word_1_154' title='bbox 613 2295 710 2358; x_wconf 86' lang='lat' dir='ltr'>virtus</span> <span class='ocrx_word' id='word_1_155' title='bbox 721 2295 804 2360; x_wconf 88' lang='lat' dir='ltr'>enim</span> <span class='ocrx_word' id='word_1_156' title='bbox 815 2303 935 2360; x_wconf 87' lang='lat' dir='ltr'>creatur</span> <span class='ocrx_word' id='word_1_157' title='bbox 946 2295 1084 2373; x_wconf 86' lang='lat' dir='ltr'>excitata,</span> <span class='ocrx_word' id='word_1_158' title='bbox 1095 2317 1157 2359; x_wconf 91' lang='lat' dir='ltr'>non</span> <span class='ocrx_word' id='word_1_159' title='bbox 1168 2295 1330 2359; x_wconf 88' lang='lat' dir='ltr'>dormiens&#39;.</span> 
     </span>
     <span class='ocr_line' id='line_1_19' title="bbox 232 2406 1333 2492; baseline -0.002 -20"><span class='ocrx_word' id='word_1_160' title='bbox 232 2407 294 2472; x_wconf 83' lang='lat' dir='ltr'>Sed</span> <span class='ocrx_word' id='word_1_161' title='bbox 316 2408 407 2472; x_wconf 87' lang='lat' dir='ltr'>etiam</span> <span class='ocrx_word' id='word_1_162' title='bbox 433 2407 459 2470; x_wconf 86' lang='lat' dir='ltr'>si</span> <span class='ocrx_word' id='word_1_163' title='bbox 488 2407 552 2472; x_wconf 85' lang='lat' dir='ltr'>haec</span> <span class='ocrx_word' id='word_1_164' title='bbox 583 2406 744 2471; x_wconf 82' lang='lat' dir='ltr'>difficultas</span> <span class='ocrx_word' id='word_1_165' title='bbox 774 2414 905 2492; x_wconf 83' lang='lat' dir='ltr'>nequeat</span> <span class='ocrx_word' id='word_1_166' title='bbox 928 2406 1066 2492; x_wconf 85' lang='lat' dir='ltr'>¹amplius</span> <span class='ocrx_word' id='word_1_167' title='bbox 1094 2407 1198 2491; x_wconf 86' lang='lat' dir='ltr'>urgeri</span> <span class='ocrx_word' id='word_1_168' title='bbox 1227 2415 1333 2470; x_wconf 86' lang='lat' dir='ltr'>contra</span> 
     </span>
     <span class='ocr_line' id='line_1_20' title="bbox 231 2516 1332 2603; baseline 0 -22"><span class='ocrx_word' id='word_1_169' title='bbox 231 2518 427 2597; x_wconf 65' lang='lat' dir='ltr'>limandum,</span> <span class='ocrx_word' id='word_1_170' title='bbox 444 2539 562 2602; x_wconf 87' lang='lat' dir='ltr'>semper</span> <span class='ocrx_word' id='word_1_171' title='bbox 585 2524 688 2582; x_wconf 90' lang='lat' dir='ltr'>manet</span> <span class='ocrx_word' id='word_1_172' title='bbox 704 2517 797 2602; x_wconf 90' lang='lat' dir='ltr'>quod,</span> <span class='ocrx_word' id='word_1_173' title='bbox 812 2517 897 2581; x_wconf 84' lang='lat' dir='ltr'>iuxta</span> <span class='ocrx_word' id='word_1_174' title='bbox 911 2517 1025 2603; x_wconf 87' lang='lat' dir='ltr'>ipsum,</span> <span class='ocrx_word' id='word_1_175' title='bbox 1040 2526 1176 2582; x_wconf 89' lang='lat' dir='ltr'>creatura</span> <span class='ocrx_word' id='word_1_176' title='bbox 1192 2540 1255 2582; x_wconf 89' lang='lat' dir='ltr'>non</span> <span class='ocrx_word' id='word_1_177' title='bbox 1278 2516 1332 2581; x_wconf 89' lang='lat' dir='ltr'>de·</span> 
     </span>
     <span class='ocr_line' id='line_1_21' title="bbox 232 2610 1332 2714; baseline -0.001 -21"><span class='ocrx_word' id='word_1_178' title='bbox 232 2629 345 2714; x_wconf 86' lang='lat' dir='ltr'>pendet</span> <span class='ocrx_word' id='word_1_179' title='bbox 360 2629 457 2693; x_wconf 87' lang='lat' dir='ltr'>aDeo</span> <span class='ocrx_word' id='word_1_180' title='bbox 470 2630 580 2712; x_wconf 74' lang='lat' dir='ltr'>inipso</span> <span class='ocrx_word' id='word_1_181' title='bbox 596 2630 724 2693; x_wconf 75' lang='lat' dir='ltr'>transita</span> <span class='ocrx_word' id='word_1_182' title='bbox 739 2627 777 2692; x_wconf 86' lang='lat' dir='ltr'>ad</span> <span class='ocrx_word' id='word_1_183' title='bbox 792 2637 898 2692; x_wconf 87' lang='lat' dir='ltr'>actum</span> <span class='ocrx_word' id='word_1_184' title='bbox 913 2628 1082 2694; x_wconf 90' lang='lat' dir='ltr'>secundum</span> <span class='ocrx_word' id='word_1_185' title='bbox 1090 2654 1100 2708; x_wconf 91' lang='lat'>;</span> <span class='ocrx_word' id='word_1_186' title='bbox 1122 2610 1195 2692; x_wconf 87' lang='lat' dir='ltr'>nam</span> <span class='ocrx_word' id='word_1_187' title='bbox 1211 2650 1332 2692; x_wconf 90' lang='lat' dir='ltr'>conser-</span> 
     </span>
     <span class='ocr_line' id='line_1_22' title="bbox 233 2739 1333 2824; baseline -0.001 -19"><span class='ocrx_word' id='word_1_188' title='bbox 233 2742 314 2806; x_wconf 84' lang='lat' dir='ltr'>vatio</span> <span class='ocrx_word' id='word_1_189' title='bbox 327 2740 439 2805; x_wconf 84' lang='lat' dir='ltr'>virium</span> <span class='ocrx_word' id='word_1_190' title='bbox 459 2761 522 2804; x_wconf 89' lang='lat' dir='ltr'>non</span> <span class='ocrx_word' id='word_1_191' title='bbox 537 2748 583 2804; x_wconf 88' lang='lat' dir='ltr'>est</span> <span class='ocrx_word' id='word_1_192' title='bbox 598 2762 703 2804; x_wconf 86' lang='lat' dir='ltr'>earum</span> <span class='ocrx_word' id='word_1_193' title='bbox 719 2740 867 2804; x_wconf 89' lang='lat' dir='ltr'>transitus</span> <span class='ocrx_word' id='word_1_194' title='bbox 882 2739 1039 2805; x_wconf 86' lang='lat' dir='ltr'>adactum</span> <span class='ocrx_word' id='word_1_195' title='bbox 1054 2741 1242 2819; x_wconf 83' lang='lat' dir='ltr'>secundum3</span> <span class='ocrx_word' id='word_1_196' title='bbox 1266 2741 1333 2824; x_wconf 89' lang='lat' dir='ltr'>ipsc</span> 
     </span>
     <span class='ocr_line' id='line_1_23' title="bbox 232 2851 1333 2936; baseline 0 -19"><span class='ocrx_word' id='word_1_197' title='bbox 232 2861 335 2918; x_wconf 90' lang='lat' dir='ltr'>autem</span> <span class='ocrx_word' id='word_1_198' title='bbox 348 2853 443 2916; x_wconf 85' lang='lat' dir='ltr'>solam</span> <span class='ocrx_word' id='word_1_199' title='bbox 454 2851 564 2917; x_wconf 88' lang='lat' dir='ltr'>virium</span> <span class='ocrx_word' id='word_1_200' title='bbox 574 2851 832 2917; x_wconf 85' lang='lat' dir='ltr'>conservationem</span> <span class='ocrx_word' id='word_1_201' title='bbox 846 2851 993 2920; x_wconf 87' lang='lat' dir='ltr'>admittit.</span> <span class='ocrx_word' id='word_1_202' title='bbox 1039 2853 1108 2917; x_wconf 89' lang='lat' dir='ltr'>Hoc</span> <span class='ocrx_word' id='word_1_203' title='bbox 1123 2875 1193 2918; x_wconf 87' lang='lat' dir='ltr'>vero</span> <span class='ocrx_word' id='word_1_204' title='bbox 1208 2853 1333 2936; x_wconf 79' lang='lat' dir='ltr'>derogat</span> 
     </span>
     <span class='ocr_line' id='line_1_24' title="bbox 233 2962 1334 3048; baseline 0 -20"><span class='ocrx_word' id='word_1_205' title='bbox 233 2963 369 3028; x_wconf 90' lang='lat' dir='ltr'>dominio</span> <span class='ocrx_word' id='word_1_206' title='bbox 383 2962 443 3027; x_wconf 91' lang='lat' dir='ltr'>Dei</span> <span class='ocrx_word' id='word_1_207' title='bbox 464 2962 498 3026; x_wconf 91' lang='lat' dir='ltr'>in</span> <span class='ocrx_word' id='word_1_208' title='bbox 520 2971 606 3028; x_wconf 89' lang='lat' dir='ltr'>actus</span> <span class='ocrx_word' id='word_1_209' title='bbox 629 2972 836 3028; x_wconf 89' lang='lat' dir='ltr'>creaturarum</span> <span class='ocrx_word' id='word_1_210' title='bbox 847 2989 857 3043; x_wconf 81' lang='lat'>3</span> <span class='ocrx_word' id='word_1_211' title='bbox 878 2971 983 3048; x_wconf 85' lang='lat' dir='ltr'>posset</span> <span class='ocrx_word' id='word_1_212' title='bbox 1005 2963 1087 3027; x_wconf 91' lang='lat' dir='ltr'>enim</span> <span class='ocrx_word' id='word_1_213' title='bbox 1109 2964 1236 3048; x_wconf 79' lang='lat' dir='ltr'>cogitari</span> <span class='ocrx_word' id='word_1_214' title='bbox 1250 2963 1334 3028; x_wconf 89' lang='lat' dir='ltr'>aliud</span> 
     </span>
     <span class='ocr_line' id='line_1_25' title="bbox 233 3072 1335 3158; baseline 0 -20"><span class='ocrx_word' id='word_1_215' title='bbox 233 3073 404 3138; x_wconf 89' lang='lat' dir='ltr'>dominium</span> <span class='ocrx_word' id='word_1_216' title='bbox 428 3072 612 3158; x_wconf 84' lang='lat' dir='ltr'>perfectius:</span> <span class='ocrx_word' id='word_1_217' title='bbox 644 3083 675 3136; x_wconf 90' lang='lat' dir='ltr'>et</span> <span class='ocrx_word' id='word_1_218' title='bbox 700 3073 758 3138; x_wconf 92' lang='lat' dir='ltr'>hoc</span> <span class='ocrx_word' id='word_1_219' title='bbox 783 3073 907 3138; x_wconf 90' lang='lat' dir='ltr'>admitti</span> <span class='ocrx_word' id='word_1_220' title='bbox 932 3095 995 3138; x_wconf 90' lang='lat' dir='ltr'>non</span> <span class='ocrx_word' id='word_1_221' title='bbox 1019 3072 1119 3140; x_wconf 88' lang='lat' dir='ltr'>debet.</span> <span class='ocrx_word' id='word_1_222' title='bbox 1163 3074 1237 3138; x_wconf 92' lang='lat' dir='ltr'>Non</span> <span class='ocrx_word' id='word_1_223' title='bbox 1260 3097 1335 3158; x_wconf 83' lang='lat' dir='ltr'>ergo</span> 
     </span>
     <span class='ocr_line' id='line_1_26' title="bbox 235 3183 1334 3252; baseline 0 -2"><span class='ocrx_word' id='word_1_224' title='bbox 235 3185 345 3250; x_wconf 82' lang='lat' dir='ltr'>sufficit</span> <span class='ocrx_word' id='word_1_225' title='bbox 375 3183 536 3248; x_wconf 86' lang='lat' dir='ltr'>admittere</span> <span class='ocrx_word' id='word_1_226' title='bbox 565 3192 667 3249; x_wconf 86' lang='lat' dir='ltr'>actum</span> <span class='ocrx_word' id='word_1_227' title='bbox 690 3184 751 3248; x_wconf 88' lang='lat' dir='ltr'>Dei</span> <span class='ocrx_word' id='word_1_228' title='bbox 779 3192 816 3248; x_wconf 90' lang='lat' dir='ltr'>ut</span> <span class='ocrx_word' id='word_1_229' title='bbox 844 3185 1042 3250; x_wconf 87' lang='lat' dir='ltr'>terminatum</span> <span class='ocrx_word' id='word_1_230' title='bbox 1072 3185 1199 3252; x_wconf 85' lang='lat' dir='ltr'>adesse</span> <span class='ocrx_word' id='word_1_231' title='bbox 1224 3186 1334 3250; x_wconf 85' lang='lat' dir='ltr'>virium</span> 
     </span>
     <span class='ocr_line' id='line_1_27' title="bbox 233 3294 1335 3380; baseline 0.003 -20"><span class='ocrx_word' id='word_1_232' title='bbox 233 3305 402 3361; x_wconf 89' lang='lat' dir='ltr'>creatarum</span> <span class='ocrx_word' id='word_1_233' title='bbox 424 3316 628 3380; x_wconf 86' lang='lat' dir='ltr'>perseverans,</span> <span class='ocrx_word' id='word_1_234' title='bbox 644 3294 697 3360; x_wconf 85' lang='lat' dir='ltr'>sed</span> <span class='ocrx_word' id='word_1_235' title='bbox 719 3303 839 3380; x_wconf 88' lang='lat' dir='ltr'>oportet</span> <span class='ocrx_word' id='word_1_236' title='bbox 854 3295 995 3360; x_wconf 91' lang='lat' dir='ltr'>eumdem</span> <span class='ocrx_word' id='word_1_237' title='bbox 1011 3296 1173 3362; x_wconf 88' lang='lat' dir='ltr'>admittere</span> <span class='ocrx_word' id='word_1_238' title='bbox 1190 3297 1282 3362; x_wconf 87' lang='lat' dir='ltr'>etiam</span> <span class='ocrx_word' id='word_1_239' title='bbox 1298 3308 1335 3363; x_wconf 95' lang='lat' dir='ltr'>ut</span> 
     </span>
     <span class='ocr_line' id='line_1_28' title="bbox 236 3404 1335 3494; baseline 0.003 -22"><span class='ocrx_word' id='word_1_240' title='bbox 236 3407 435 3472; x_wconf 87' lang='lat' dir='ltr'>terminatum</span> <span class='ocrx_word' id='word_1_241' title='bbox 453 3407 536 3489; x_wconf 91' lang='lat' dir='ltr'>(cum</span> <span class='ocrx_word' id='word_1_242' title='bbox 549 3404 665 3470; x_wconf 90' lang='lat' dir='ltr'>viribus</span> <span class='ocrx_word' id='word_1_243' title='bbox 680 3405 755 3490; x_wconf 85' lang='lat' dir='ltr'>ipsis</span> <span class='ocrx_word' id='word_1_244' title='bbox 769 3406 887 3488; x_wconf 86' lang='lat' dir='ltr'>creatis,</span> <span class='ocrx_word' id='word_1_245' title='bbox 902 3413 979 3492; x_wconf 88' lang='lat' dir='ltr'>quas</span> <span class='ocrx_word' id='word_1_246' title='bbox 994 3405 1156 3494; x_wconf 84' lang='lat' dir='ltr'>sustentat)</span> <span class='ocrx_word' id='word_1_247' title='bbox 1179 3409 1335 3474; x_wconf 90' lang='lat' dir='ltr'>adactum</span> 
     </span>
     <span class='ocr_line' id='line_1_29' title="bbox 234 3515 841 3602; baseline -0.003 -20"><span class='ocrx_word' id='word_1_248' title='bbox 234 3516 273 3582; x_wconf 85' lang='lat' dir='ltr'>ab</span> <span class='ocrx_word' id='word_1_249' title='bbox 288 3517 363 3602; x_wconf 87' lang='lat' dir='ltr'>ipsis</span> <span class='ocrx_word' id='word_1_250' title='bbox 378 3516 493 3582; x_wconf 86' lang='lat' dir='ltr'>viribus</span> <span class='ocrx_word' id='word_1_251' title='bbox 507 3515 633 3602; x_wconf 85' lang='lat' dir='ltr'>physice</span> <span class='ocrx_word' id='word_1_252' title='bbox 648 3515 841 3600; x_wconf 85' lang='lat' dir='ltr'>productum.</span> 
     </span>
    </p>

    <p class='ocr_par' dir='ltr' id='par_1_3' title="bbox 235 3612 1337 3804">
     <span class='ocr_line' id='line_1_30' title="bbox 280 3612 1337 3708; baseline 0.004 -16"><span class='ocrx_word' id='word_1_253' title='bbox 280 3631 331 3694; x_wconf 90' lang='lat'>18.</span> <span class='ocrx_word' id='word_1_254' title='bbox 356 3627 513 3708; x_wconf 80' lang='lat' dir='ltr'>Quaeritur</span> <span class='ocrx_word' id='word_1_255' title='bbox 537 3636 653 3707; x_wconf 87' lang='lat' dir='ltr'>octavo,</span> <span class='ocrx_word' id='word_1_256' title='bbox 668 3651 708 3692; x_wconf 81' lang='lat' dir='ltr'>aa</span> <span class='ocrx_word' id='word_1_257' title='bbox 729 3612 813 3692; x_wconf 78' lang='lat' dir='ltr'>Deua</span> <span class='ocrx_word' id='word_1_258' title='bbox 832 3637 987 3693; x_wconf 67' lang='lat' dir='ltr'>conruunt</span> <span class='ocrx_word' id='word_1_259' title='bbox 1001 3630 1042 3694; x_wconf 85' lang='lat' dir='ltr'>ad</span> <span class='ocrx_word' id='word_1_260' title='bbox 1061 3652 1157 3694; x_wconf 77' lang='lat' dir='ltr'>omnes</span> <span class='ocrx_word' id='word_1_261' title='bbox 1171 3639 1255 3695; x_wconf 79' lang='lat' dir='ltr'>actua</span> <span class='ocrx_word' id='word_1_262' title='bbox 1276 3655 1337 3696; x_wconf 88' lang='lat' dir='ltr'>om-</span> 
     </span>
     <span class='ocr_line' id='line_1_31' title="bbox 235 3741 540 3804; baseline -0.007 0"><span class='ocrx_word' id='word_1_263' title='bbox 235 3741 316 3804; x_wconf 80' lang='lat' dir='ltr'>nium</span> <span class='ocrx_word' id='word_1_264' title='bbox 330 3748 540 3804; x_wconf 61' lang='lat' dir='ltr'>declararum.</span> 
     </span>
    </p>

    <p class='ocr_par' dir='ltr' id='par_1_4' title="bbox 234 3849 1338 4381">
     <span class='ocr_line' id='line_1_32' title="bbox 279 3849 1338 3939; baseline 0.004 -24"><span class='ocrx_word' id='word_1_265' title='bbox 279 3849 461 3934; x_wconf 90' lang='lat' dir='ltr'>Respondeo</span> <span class='ocrx_word' id='word_1_266' title='bbox 481 3849 675 3914; x_wconf 85' lang='lat' dir='ltr'>affirmative:</span> <span class='ocrx_word' id='word_1_267' title='bbox 698 3857 730 3913; x_wconf 90' lang='lat' dir='ltr'>et</span> <span class='ocrx_word' id='word_1_268' title='bbox 744 3857 829 3935; x_wconf 89' lang='lat' dir='ltr'>patet</span> <span class='ocrx_word' id='word_1_269' title='bbox 843 3872 880 3939; x_wconf 86' lang='lat' dir='ltr'>ex</span> <span class='ocrx_word' id='word_1_270' title='bbox 897 3873 995 3934; x_wconf 90' lang='lat' dir='ltr'>nuper</span> <span class='ocrx_word' id='word_1_271' title='bbox 1010 3849 1109 3916; x_wconf 87' lang='lat' dir='ltr'>dictis.</span> <span class='ocrx_word' id='word_1_272' title='bbox 1154 3851 1234 3916; x_wconf 88' lang='lat' dir='ltr'>Nam</span> <span class='ocrx_word' id='word_1_273' title='bbox 1251 3853 1338 3920; x_wconf 87' lang='lat' dir='ltr'>Deus</span> 
     </span>
     <span class='ocr_line' id='line_1_33' title="bbox 237 3960 1337 4049; baseline 0.003 -23"><span class='ocrx_word' id='word_1_274' title='bbox 237 3969 389 4026; x_wconf 82' lang='lat' dir='ltr'>sustentat</span> <span class='ocrx_word' id='word_1_275' title='bbox 401 3971 472 4029; x_wconf 88' lang='lat' dir='ltr'>actu</span> <span class='ocrx_word' id='word_1_276' title='bbox 486 3968 638 4026; x_wconf 87' lang='lat' dir='ltr'>creaturas</span> <span class='ocrx_word' id='word_1_277' title='bbox 653 3960 686 4024; x_wconf 88' lang='lat' dir='ltr'>in</span> <span class='ocrx_word' id='word_1_278' title='bbox 701 3961 845 4026; x_wconf 86' lang='lat' dir='ltr'>omnibus</span> <span class='ocrx_word' id='word_1_279' title='bbox 854 3961 1041 4026; x_wconf 86' lang='lat' dir='ltr'>instantibus</span> <span class='ocrx_word' id='word_1_280' title='bbox 1055 3962 1088 4026; x_wconf 92' lang='lat' dir='ltr'>in</span> <span class='ocrx_word' id='word_1_281' title='bbox 1104 3963 1215 4048; x_wconf 90' lang='lat' dir='ltr'>quibus</span> <span class='ocrx_word' id='word_1_282' title='bbox 1230 3977 1337 4049; x_wconf 86' lang='lat' dir='ltr'>agunt,</span> 
     </span>
     <span class='ocr_line' id='line_1_34' title="bbox 234 4071 1337 4156; baseline 0.004 -18"><span class='ocrx_word' id='word_1_283' title='bbox 234 4082 265 4138; x_wconf 94' lang='lat' dir='ltr'>et</span> <span class='ocrx_word' id='word_1_284' title='bbox 279 4071 444 4138; x_wconf 87' lang='lat' dir='ltr'>comitatur</span> <span class='ocrx_word' id='word_1_285' title='bbox 458 4095 562 4137; x_wconf 86' lang='lat' dir='ltr'>earum</span> <span class='ocrx_word' id='word_1_286' title='bbox 577 4071 740 4136; x_wconf 84' lang='lat' dir='ltr'>transitum</span> <span class='ocrx_word' id='word_1_287' title='bbox 756 4094 793 4136; x_wconf 82' lang='lat' dir='ltr'>ex</span> <span class='ocrx_word' id='word_1_288' title='bbox 807 4082 879 4137; x_wconf 87' lang='lat' dir='ltr'>actu</span> <span class='ocrx_word' id='word_1_289' title='bbox 893 4073 992 4156; x_wconf 90' lang='lat' dir='ltr'>primo</span> <span class='ocrx_word' id='word_1_290' title='bbox 1004 4072 1043 4136; x_wconf 91' lang='lat' dir='ltr'>ad</span> <span class='ocrx_word' id='word_1_291' title='bbox 1058 4075 1236 4156; x_wconf 84' lang='lat' dir='ltr'>secuudum,</span> <span class='ocrx_word' id='word_1_292' title='bbox 1246 4077 1290 4141; x_wconf 90' lang='lat' dir='ltr'>ita</span> <span class='ocrx_word' id='word_1_293' title='bbox 1301 4089 1337 4143; x_wconf 90' lang='lat' dir='ltr'>ut</span> 
     </span>
     <span class='ocr_line' id='line_1_35' title="bbox 235 4182 1338 4271; baseline 0.005 -23"><span class='ocrx_word' id='word_1_294' title='bbox 235 4184 287 4248; x_wconf 87' lang='lat' dir='ltr'>ifle</span> <span class='ocrx_word' id='word_1_295' title='bbox 306 4182 454 4248; x_wconf 86' lang='lat' dir='ltr'>transitus</span> <span class='ocrx_word' id='word_1_296' title='bbox 476 4191 507 4248; x_wconf 91' lang='lat' dir='ltr'>et</span> <span class='ocrx_word' id='word_1_297' title='bbox 526 4182 652 4247; x_wconf 85' lang='lat' dir='ltr'>effectus</span> <span class='ocrx_word' id='word_1_298' title='bbox 671 4182 840 4267; x_wconf 86' lang='lat' dir='ltr'>productus</span> <span class='ocrx_word' id='word_1_299' title='bbox 858 4184 924 4268; x_wconf 81' lang='lat' dir='ltr'>(seu</span> <span class='ocrx_word' id='word_1_300' title='bbox 946 4183 1025 4248; x_wconf 89' lang='lat' dir='ltr'>actio</span> <span class='ocrx_word' id='word_1_301' title='bbox 1047 4183 1079 4248; x_wconf 91' lang='lat' dir='ltr'>in</span> <span class='ocrx_word' id='word_1_302' title='bbox 1099 4187 1179 4250; x_wconf 86' lang='lat' dir='ltr'>facto</span> <span class='ocrx_word' id='word_1_303' title='bbox 1200 4189 1277 4271; x_wconf 85' lang='lat' dir='ltr'>esse)</span> <span class='ocrx_word' id='word_1_304' title='bbox 1298 4189 1338 4253; x_wconf 90' lang='lat' dir='ltr'>sit</span> 
     </span>
     <span class='ocr_line' id='line_1_36' title="bbox 236 4293 1173 4381; baseline 0.006 -25"><span class='ocrx_word' id='word_1_305' title='bbox 236 4293 412 4359; x_wconf 91' lang='lat' dir='ltr'>immediate</span> <span class='ocrx_word' id='word_1_306' title='bbox 428 4295 485 4360; x_wconf 86' lang='lat' dir='ltr'>sub</span> <span class='ocrx_word' id='word_1_307' title='bbox 501 4293 604 4360; x_wconf 88' lang='lat' dir='ltr'>divino</span> <span class='ocrx_word' id='word_1_308' title='bbox 619 4293 748 4375; x_wconf 88' lang='lat' dir='ltr'>influxu,</span> <span class='ocrx_word' id='word_1_309' title='bbox 763 4303 798 4359; x_wconf 93' lang='lat' dir='ltr'>ut</span> <span class='ocrx_word' id='word_1_310' title='bbox 814 4319 905 4381; x_wconf 87' lang='lat' dir='ltr'>supra</span> <span class='ocrx_word' id='word_1_311' title='bbox 920 4296 1103 4381; x_wconf 81' lang='lat' dir='ltr'>explicatum</span> <span class='ocrx_word' id='word_1_312' title='bbox 1117 4307 1173 4362; x_wconf 86' lang='lat' dir='ltr'>est.</span> 
     </span>
    </p>
   </div>
   <div class='ocr_carea' id='block_1_3' title="bbox 0 0 1635 4984">
    <p class='ocr_par' dir='ltr' id='par_1_5' title="bbox 0 0 1635 4984">
     <span class='ocr_line' id='line_1_37' title="bbox 0 0 1635 4984; baseline 0 0"><span class='ocrx_word' id='word_1_313' title='bbox 0 0 1635 4984; x_wconf 95' lang='lat' dir='ltr'> </span> 
     </span>
    </p>
   </div>
  </div>
 </body>
</html>
