3186 4982
1546 68 1552 194 l

301 375 368 440 290
672 393 778 439 rsnnx
793 391 1030 437 ossonoemns.
1257 366 1347 452 [cnr.
1366 384 1407 428 11.
1552 327 1556 426 i

300 557 453 630 physicum,
464 575 491 615 v.
503 575 542 630 gr.
555 575 590 614 ex
606 562 670 614 actu
683 563 712 612 et
727 553 860 631 potentis,
871 557 913 610 est
928 552 1070 618 eiusmodi,
1081 555 1115 606 ut
1133 555 1270 622 nequeant
1284 552 1409 621 separate

300 643 417 700 existere
434 645 493 700 eins
507 643 705 718 componentis,
717 643 782 716 quis
796 660 852 698 non
864 640 967 696 habent
983 639 1090 712 proprie
1105 637 1238 693 rationem
1248 637 1346 708 postis,
1359 634 1411 689 sed

300 731 465 786 moetos.
501 731 605 786 Verum
616 730 748 803 estquod
760 729 783 784 si
795 728 919 802 potentis
929 727 966 781 sit
977 726 1058 782 realis
1071 724 1133 796 (seu
1142 725 1172 778 in
1184 722 1305 778 subiecto
1315 719 1410 790 reali),

300 816 481 889 compositum
493 834 527 872 ex
543 816 594 874 tali
609 815 732 890 potentia
743 821 773 872 et
788 819 853 870 actu
866 813 1027 870 accidentali
1042 812 1142 885 poterit
1158 811 1259 866 resolvi
1274 809 1411 880 quodam-

301 903 390 972 modo,
402 909 532 975 pereunte
543 908 607 959 actu
618 902 786 970 accidentali,
799 906 827 957 st
837 905 993 956 remanente
1004 899 1054 954 ills
1063 899 1182 972 potentis
1195 901 1316 969 separate
1327 914 1345 951 s
1356 895 1411 949 tali

301 991 371 1042 actu
400 987 455 1044 Sed
466 990 617 1045 notandum
625 989 751 1060 estquod
758 988 882 1060 potentia
892 986 972 1042 realis
981 1003 1036 1040 non
1047 985 1148 1040 existet
1159 987 1279 1056 sepsi-ste
1291 983 1324 1036 ab
1334 982 1413 1036 moni

301 1079 366 1130 actu
382 1074 464 1130 dante
482 1076 508 1131 ei
522 1077 634 1132 modum
651 1074 772 1130 essendi:
791 1078 820 1128 et
835 1074 875 1129 sic
888 1090 944 1128 non
955 1073 1007 1128 erit
1023 1072 1125 1143 aliquid
1136 1087 1185 1143 per
1199 1070 1311 1124 modum
1321 1069 1412 1142 partis

301 1167 439 1234 separate,
453 1163 500 1218 sed
511 1163 563 1218 erit
574 1163 678 1235 aliquid
689 1179 737 1235 per
748 1161 860 1217 modum
871 1159 1060 1216 constituentis
1072 1159 1177 1214 eccum
1188 1162 1278 1212 totum
1290 1156 1339 1212 sub
1353 1156 1412 1210 elio

301 1251 379 1304 actu:
397 1249 470 1304 unde
481 1266 629 1322 numquam
638 1254 729 1323 potest
740 1247 834 1304 haberi
842 1248 965 1320 potentia
975 1246 1086 1320 physice
1098 1249 1221 1318 separate
1229 1245 1263 1300 ab
1275 1249 1346 1313 actu,
1356 1260 1412 1298 nec

300 1339 401 1390 cenna

336 1421 379 1475 41.
399 1419 527 1494 Sequitur
539 1439 573 1476 ex
585 1421 673 1491 dictis,
686 1437 742 1476 non
754 1419 819 1476 satis
831 1424 954 1476 accurate
967 1419 1083 1492 exprimi
1095 1419 1244 1492 composita
1255 1418 1412 1472 materialis

301 1506 359 1560 sole
370 1507 479 1562 nemine
494 1508 650 1578 mosetto,
662 1525 747 1580 quum
763 1512 887 1562 constent
899 1507 1078 1562 essentialiter
1088 1506 1208 1578 placebas
1219 1505 1369 1560 substantiis
1385 1510 1412 1558 et

301 1593 431 1648 coadesse
442 1595 638 1665 compositiones,
651 1594 724 1666 quod
734 1598 778 1649 est
788 1593 875 1648 forma
886 1594 954 1648 dans
964 1585 1100 1648 unitatem
1111 1593 1259 1665 composito
1273 1592 1309 1664 (Ι.
1322 1609 1349 1646 n.
1364 1593 1411 1660 39,

336 1763 383 1819 Sic
399 1781 476 1837 equo,
488 1765 603 1838 lignum,
614 1766 714 1821 fernim
732 1772 796 1822 sunt
812 1772 957 1839 aggregata
969 1765 1190 1835 substantiemm,
1203 1781 1263 1837 ques
1276 1765 1299 1819 si
1317 1765 1411 1820 consi·

300 1848 426 1903 cierentur
434 1849 464 1903 in
476 1851 534 1906 sole
542 1851 647 1906 ratione
655 1851 813 1907 substantiae
823 1853 928 1906 faciunt
940 1852 1120 1924 compositum
1128 1869 1211 1905 cnam
1216 1870 1268 1922 per
1275 1853 1410 1920 occidam

300 1935 401 1990 accidit
409 1937 482 1991 enim
489 1937 604 2010 singulis
610 1939 769 1995 substantiis
776 1939 816 1994 sic
822 1939 950 2011 coniungi
959 1938 1078 1993 inunam
1084 1943 1211 1993 naturam
1219 1939 1408 2012 compositam.

300 2020 366 2076 Non
376 2028 490 2095 possunt
506 2029 598 2079 sutem
615 2025 669 2080 dici
686 2044 769 2080 unum
781 2045 832 2096 per
848 2045 881 2096 se,
894 2025 949 2079 nisi
965 2025 1167 2080 considerentur
1181 2025 1326 2079 iuratione
1343 2026 1412 2080 talis

300 2115 403 2164 omaro
418 2111 620 2182 substantialis3
639 2130 724 2184 quum
735 2113 808 2167 enim
825 2117 921 2167 natura
936 2111 1010 2166 dicat
1024 2110 1188 2184 principium
1204 2111 1369 2183 operationis
1382 2116 1413 2167 et

300 2197 439 2268 passionis,
453 2202 481 2252 et
492 2198 529 2267 id,
541 2214 594 2270 quo
607 2215 676 2270 aqua
687 2199 732 2254 vel
742 2199 843 2253 ferrum
855 2197 1029 2253 constituitur
1039 2197 1204 2269 principium
1216 2197 1357 2263 eiusmodi,
1371 2199 1412 2252 sit

299 2283 396 2338 talium
413 2284 533 2357 pestium
549 2285 612 2339 talis
624 2285 773 2340 vmcnlstio
785 2303 820 2340 ex
837 2285 940 2339 mutuis
956 2283 1105 2338 actionibus
1122 2283 1262 2353 resultans,
1276 2285 1410 2356 sequitur,

299 2388 356 2425 non
371 2371 461 2425 minus
479 2377 570 2444 partes
587 2372 667 2445 ipsse,
680 2389 761 2444 quam
780 2371 850 2426 hanc
869 2371 1025 2426 eemmdem
1043 2370 1245 2441 colligationem
1261 2371 1366 2426 involvi
1379 2373 1411 2426 in

300 2456 367 2529 ipsis
388 2457 540 2512 intrinsecis
559 2463 681 2513 naturae:
706 2463 735 2512 et
755 2459 795 2513 sic
815 2458 976 2530 compositio
997 2473 1074 2530 aquae
1093 2475 1149 2512 non
1170 2462 1213 2512 est
1233 2458 1410 2513 accidentalis

301 2560 386 2615 eques,
399 2544 446 2598 sed
459 2544 608 2599 essentialis
620 2562 667 2599 seu
679 2545 817 2617 specifica:
837 2550 864 2598 et
876 2561 954 2615 equs,
967 2549 998 2598 ut
1009 2544 1074 2598 talis
1086 2549 1190 2612 ustura,
1203 2549 1245 2598 est
1256 2561 1303 2598 ens
1309 2563 1361 2614 per
1372 2563 1409 2615 se,

300 2648 356 2685 non
366 2649 414 2702 per
425 2631 558 2699 accidens,
571 2636 600 2685 et
614 2631 672 2686 eius
683 2631 775 2685 unitas
786 2637 828 2685 est
843 2631 935 2684 unitas
946 2629 1158 2703 compositionis,
1171 2649 1227 2684 non
1238 2631 1328 2684 unitas
1340 2631 1410 2686 sim-

300 2717 438 2790 plicitatis,
452 2735 499 2773 seu
510 2717 601 2772 unitas
613 2721 726 2785 nsturss,
737 2734 792 2770 non
804 2717 963 2772 substantie
978 2716 1014 2787 (I.
1024 2735 1052 2770 n.
1065 2715 1176 2786 4146).

335 2803 450 2877 Propter
467 2803 632 2859 oblivionem
649 2802 831 2858 distinctionis
847 2802 919 2857 inter
935 2802 1115 2858 substantiam
1129 2807 1162 2857 ut
1179 2803 1228 2873 sic,
1239 2808 1268 2858 et
1281 2809 1411 2860 nstsrrsrn

301 2907 336 2944 ex
348 2890 506 2946 substantiis
524 2890 709 2962 compositam,
722 2895 789 2944 ortoe
806 2895 869 2944 sunt
886 2891 959 2960 apud
971 2889 1153 2944 Scholasticos
1165 2891 1328 2962 questiones
1344 2893 1410 2964 plu-

301 2975 378 3031 rime
391 2982 419 3031 ct
436 2976 601 3046 insolubiles,
613 2981 723 3049 propter
734 2993 801 3048 quas
813 2994 906 3032 eorum
921 2976 1026 3030 theoria
1037 2976 1150 3050 physica
1162 2977 1205 3049 (et
1216 2985 1412 3051 consequenter

301 3079 336 3117 ex
356 3067 432 3134 parte
453 3062 537 3117 etism
557 3063 755 3136 metaphysica)
773 3063 913 3119 reformari
933 3063 1034 3118 debuit.
1071 3065 1204 3118 Attamen
1221 3065 1252 3118 in
1269 3067 1409 3121 communi

302 3166 431 3219 sermone,
444 3155 471 3204 et
488 3151 596 3221 quando
607 3167 663 3204 non
676 3156 718 3204 est
728 3168 836 3205 necesse
854 3150 960 3205 acutius
975 3151 1137 3222 investigare
1153 3151 1271 3206 rationes
1282 3152 1410 3208 formales

302 3253 400 3305 rerum,
412 3236 577 3308 praevalente
595 3236 797 3305 consuetudine,
810 3238 898 3292 omnis
912 3239 1011 3292 natura
1027 3237 1213 3294 substantialis
1225 3239 1325 3303 dicitur
1341 3241 1409 3294 sim·

302 3322 414 3396 plicitum
433 3321 591 3376 manca:
609 3339 664 3394 quo
682 3323 792 3378 nomine
812 3329 842 3379 et
863 3341 911 3378 nos
929 3341 1001 3396 sepe
1018 3325 1129 3395 utimur,
1141 3344 1176 3380 ne
1193 3327 1334 3382 videamur
1350 3327 1409 3382 sine

303 3425 385 3464 cause
397 3407 520 3464 affectate
531 3407 607 3480 loqui
620 3407 718 3480 (teis).

687 3612 853 3652 snrrcnnus
866 3583 1025 3654 anserinus.

689 3714 1025 3770 Eosiosceteose'sscb'o.

340 3837 382 3890 42.
401 3837 458 3891 Eos
469 3836 499 3893 io
510 3854 543 3890 se.
562 3835 645 3901 Quod
655 3840 697 3890 est
708 3837 738 3889 s'n
749 3853 775 3890 se
787 3834 888 3891 dicitsm
899 3835 1059 3905 substantia,
1072 3843 1100 3892 et
1110 3837 1228 3910 primum
1246 3840 1405 3898 subiectum.

304 3922 474 3980 Vocabulum
488 3922 646 3978 substantie
662 3923 775 3978 ductum
788 3927 830 3978 est
847 3923 948 3978 abhoc
963 3925 1036 3996 quod
1052 3932 1093 3980 est
1104 3927 1219 3980 substare
1238 3929 1408 3985 credentibus

304 4021 353 4064 seu
369 4009 623 4065 modificationibus.
660 4010 700 4062 At
717 4026 772 4063 non
787 4008 816 4063 in
827 4009 879 4064 hoc
892 4011 1004 4082 praecise
1020 4011 1146 4067 consistit
1161 4014 1232 4068 ratio
1248 4015 1407 4072 substantie

306 4096 396 4168 (secus
413 4096 494 4165 Deus,
508 4097 554 4168 qui
569 4095 665 4168 nequit
680 4096 801 4150 substare
818 4096 1027 4168 accidentium
1044 4104 1115 4154 esset
1130 4099 1303 4174 substsntis),
1317 4103 1363 4158 sed
1377 4103 1407 4157 in

304 4184 356 4238 hoc
365 4184 437 4254 quod
447 4183 513 4254 ipss,
521 4199 582 4255 quae
594 4188 683 4256 potest
692 4183 746 4237 alia
757 4186 915 4255 suscensere,
922 4202 977 4239 non
989 4191 1156 4242 sustentetur
1164 4188 1193 4242 in
1205 4188 1259 4244 alio
1267 4194 1407 4262 tamquam

305 4268 435 4338 subiecto,
448 4269 496 4324 sed
508 4270 600 4339 primo
611 4271 641 4324 e'n
653 4287 679 4323 se
690 4269 738 4323 sit:
756 4270 847 4338 itaut,
861 4271 884 4325 si
896 4271 964 4326 forte
978 4291 1026 4344 per
1040 4273 1144 4344 aliquid
1160 4274 1235 4329 eliud
1248 4274 1301 4330 sibi
1317 4276 1407 4332 subie-

302 4359 379 4409 ctum
400 4359 602 4422 sustentaretur,
622 4373 654 4409 eo
673 4354 732 4426 ipso
753 4372 830 4410 susm
849 4357 1108 4413 substantialitatem
1126 4360 1270 4420 amitteret
1312 4361 1402 4426 Quare
