3186 4982
223 400 293 445 car.
310 381 365 466 ιι]
590 403 697 448 ruorx
712 403 948 450 ourouoercos.
1258 386 1323 449 293

220 563 303 618 rectio
321 564 357 618 ad
373 564 425 635 adi,
437 565 630 621 insubstantia
646 565 781 638 spirituali
792 571 835 622 est
849 567 959 622 habitus
975 566 1079 622 sciendi
1090 572 1119 622 et
1135 565 1245 622 habitus
1259 564 1325 621 affe·

220 649 317 705 ctirus.
342 651 475 721 Qualitas,
486 670 547 724 quse
556 648 656 708 dicitur
662 653 782 724 potentia
791 654 874 708 saiva
882 672 937 708 non
947 658 990 708 est
997 653 1050 708 nisi
1061 659 1133 708 adae
1141 651 1326 708 substantialis

220 744 252 792 ut
269 737 371 793 habens
393 738 536 808 obiectum,
557 739 627 795 circa
647 741 720 811 quod
739 746 871 814 operetur,
884 740 1004 814 positum
1023 740 1095 796 intra
1116 740 1250 813 spheram
1267 755 1324 794 suan

218 824 382 880 activitatis:
401 831 431 882 et
441 827 494 882 hoc
504 827 539 881 fit
549 844 596 898 per
611 826 702 899 ipsum
713 827 839 882 habitum
851 847 859 897 3
877 828 951 883 unde
961 828 1023 882 haec
1033 826 1157 900 potentia
1168 825 1260 882 activa
1269 842 1324 881 non

220 915 262 964 est
281 911 412 982 accidens,
425 913 472 968 sad
491 913 551 985 ipsa
567 911 719 968 substantia
732 919 766 967 nt
778 931 841 968 cum
857 913 955 970 habitu
975 913 1136 970 accidentali
1156 912 1275 969 existens
1295 917 1324 967 et

219 997 388 1054 considerata
398 1000 433 1053 ad
445 1000 557 1054 modum
572 1004 683 1054 naturae.
721 999 846 1064 Qualitas
858 1018 931 1068 vero,
943 1017 1004 1072 quse
1021 1000 1122 1056 dicitur
1131 1000 1251 1072 pomae
1257 1017 1323 1070 paa-

217 1084 274 1138 siva
285 1103 339 1139 nen
352 1091 393 1140 est
409 1085 463 1140 nisi
475 1086 600 1140 manime
611 1085 796 1141 substantialis
807 1091 840 1140 ut
854 1086 956 1141 habens
967 1087 997 1141 in
1012 1105 1041 1144 se
1052 1087 1184 1142 habitum.
1220 1085 1260 1139 Et
1270 1085 1323 1140 hoc

216 1169 246 1224 in
258 1171 409 1227 substantia
417 1172 559 1245 spirituali.
585 1173 619 1226 In
631 1173 764 1227 elemento
771 1173 891 1228 materiei
901 1173 1085 1245 qualitasque
1097 1172 1322 1243 distemperantia

218 1258 305 1312 cotiae
317 1264 359 1312 eet
370 1263 445 1314 actus
457 1258 643 1314 substantialis
658 1259 787 1331 elementi
798 1264 830 1314 nt
842 1259 984 1314 existentis
995 1259 1025 1312 in
1040 1264 1117 1313 motu
1127 1258 1215 1327 locali,
1228 1264 1256 1314 et
1267 1275 1323 1312 non

218 1350 259 1398 est
276 1345 407 1415 accidens,
420 1346 467 1401 sed
485 1345 544 1418 ipsa
554 1346 640 1400 virtus
658 1345 816 1401 substantia
833 1351 866 1400 ut
876 1363 924 1418 per
940 1345 1121 1419 mutationem
1132 1346 1246 1402 localem
1263 1345 1322 1400 sive

218 1431 322 1502 agentis
334 1432 392 1488 sive
403 1433 532 1505 patientis
543 1437 637 1504 parata
648 1432 683 1487 ad
694 1433 829 1504 agendum
837 1431 888 1486 suh
901 1431 962 1486 aliis
974 1437 1002 1503 et
1012 1431 1074 1486 aliis
1086 1431 1236 1487 adiunctis:
1254 1432 1322 1486 item

217 1519 341 1590 qualitas,
354 1521 531 1592 quoe'dicitur
545 1520 665 1591 poteritis
680 1520 787 1590 marive
798 1537 854 1573 non
869 1524 911 1573 est
922 1519 975 1572 nisi
992 1518 1135 1591 passivitas
1152 1517 1273 1574 materiae
1291 1522 1323 1572 ut

217 1606 267 1662 sub
284 1607 407 1680 passione
418 1607 537 1663 existens
553 1611 582 1660 ct
597 1605 632 1660 ad
649 1610 756 1660 motum
768 1610 850 1660 certae
868 1604 1033 1660 intensitatis
1047 1621 1079 1659 ac
1096 1604 1252 1660 directionis
1266 1620 1322 1658 ser-

216 1693 336 1746 vandum
349 1692 525 1748 determinata
538 1691 603 1764 (111.
615 1710 642 1746 ιι.
656 1691 713 1764 76).

252 1779 376 1852 Denique
395 1779 462 1833 cotio
473 1778 503 1832 in
519 1779 653 1833 elemento
671 1776 791 1832 materiae
807 1776 886 1832 utin
903 1777 1024 1832 subiecto
1036 1785 1132 1849 egente
1148 1793 1206 1832 esse
1217 1774 1321 1847 nequit,

216 1865 264 1919 sed
280 1871 389 1920 tantum
407 1871 448 1920 eat
464 1870 496 1919 ut
511 1865 599 1935 passio
615 1864 645 1919 in
665 1881 752 1936 poseo.
788 1864 823 1917 In
844 1863 994 1918 substantia
1009 1881 1073 1919 vero
1094 1862 1229 1936 spirituali
1249 1861 1321 1917 actio

217 1952 308 2024 aliqua
319 1951 414 2006 existit
425 1956 453 2005 et
469 1951 542 2006 inest
552 1951 587 2006 ad
598 1951 711 2005 modum
722 1950 854 2022 predonis
863 1969 870 2018 ;
889 1966 1038 2022 numquam
1049 1968 1113 2005 rere
1125 1955 1167 2006 est
1183 1949 1213 2004 in
1224 1954 1321 2022 agente

216 2044 249 2093 ut
265 2038 312 2107 sic,
324 2041 410 2110 quum
425 2056 481 2093 non
497 2037 602 2092 sitnisi
617 2037 773 2101 terminatio
789 2037 937 2093 sedvitatis
954 2037 989 2091 ad
1004 2037 1151 2092 terminum
1168 2036 1198 2090 in
1215 2037 1323 2109 sphera

217 2125 276 2180 eius
288 2126 458 2194 existentem,
471 2129 499 2179 et
510 2123 608 2179 melius
621 2123 721 2179 dicitm
732 2131 805 2178 actua
815 2124 975 2192 immanens,
983 2140 1066 2195 quam
1076 2123 1148 2179 actio
1159 2123 1215 2194 (IV
1215 2163 1221 2178 .
1231 2141 1258 2177 n.
1268 2125 1322 2178 65-

217 2211 613 2282 eretn.raai‚vr.n.ea).·
870 2197 875 2206 “

252 2300 295 2354 48.
313 2298 448 2353 Accidens
468 2298 541 2370 quod
558 2297 688 2369 recipitur
708 2296 738 2350 in
759 2295 908 2351 substantia
927 2295 1046 2368 simplici
1067 2312 1122 2351 non
1139 2300 1180 2351 est
1200 2312 1248 2350 ens
1268 2294 1321 2350 uisi

217 2384 407 2457 metaphysica.
444 2383 496 2438 Est
512 2383 584 2438 enim
597 2388 673 2438 actus
689 2383 800 2454 quidam
811 2383 936 2454 indigens
951 2381 1084 2437 termino:
1103 2388 1132 2436 et
1142 2382 1204 2437 ideo
1220 2386 1262 2438 eet
1273 2398 1322 2436 ens

217 2489 323 2544 prorsus
340 2471 542 2544 incompletum.
580 2471 673 2536 Quum
685 2488 750 2525 vero
767 2470 898 2524 terminus
916 2469 964 2542 qui
981 2469 1183 2525 accidentaliter
1198 2474 1322 2524 actuatur

217 2560 254 2614 sit
273 2559 416 2632 passivitas
435 2557 601 2626 substantias,
614 2575 662 2612 ens
679 2557 752 2629 quod
767 2557 877 2630 physice
894 2556 1009 2611 resultat
1022 2561 1064 2611 est
1083 2575 1135 2610 csse
1151 2557 1322 2611 almutium

216 2647 266 2700 tati
276 2647 351 2700 modo
362 2644 453 2718 potius
465 2660 547 2716 quam
556 2645 616 2698 tates
628 2646 719 2698 modae
730 2645 829 2698 mendi
838 2644 992 2698 addentia.
1023 2643 1095 2698 Nam
1106 2644 1203 2698 medua
1214 2640 1321 2698 essendi

217 2731 290 2786 dicet
310 2731 509 2799 summitatem,
522 2735 550 2784 et
568 2730 718 2785 formalitas
738 2729 893 2785 nonhabet
910 2729 986 2786 aliud
1005 2747 1061 2784 esse
1080 2731 1202 2784 naturale
1223 2735 1322 2802 preater

216 2835 273 2872 esse
293 2817 334 2871 rei
353 2817 430 2872 cuius
450 2821 493 2871 est
507 2816 664 2871 formalitas
701 2817 745 2870 Ex
764 2833 819 2888 qno
837 2815 958 2888 sequitur
978 2816 1050 2888 qued
1070 2817 1178 2888 quando
1197 2816 1321 2872 accidens

217 2903 346 2957 definitur
365 2904 456 2956 modus
475 2903 628 2956 intrinsecae
646 2903 719 2973 curs,
732 2901 862 2975 accipitur
880 2901 1003 2956 accidens
1024 2900 1053 2956 in
1071 2901 1212 2971 abstracto,
1225 2921 1274 2958 seu
1288 2909 1321 2959 ut

216 2989 284 3062 quid
306 2987 521 3060 metaphysicum
542 2993 571 3042 et
593 2987 803 3060 incompletum:
827 2986 952 3041 accidens
976 2992 1068 3042 eutem
1090 2988 1121 3042 in
1144 2995 1268 3045 concrete
1291 2996 1321 3046 et

216 3075 327 3148 physice
347 3092 401 3129 aon
414 3073 500 3128 hebet
511 3073 586 3128 aliud
602 3091 659 3129 esse
677 3074 730 3128 nisi
749 3091 807 3128 esse
825 3073 984 3128 'substantia
997 3074 1035 3128 sic
1051 3075 1198 3129 widem:
1218 3080 1246 3130 et
1257 3075 1319 3132 idco

215 3162 381 3236 impossibile
394 3167 435 3216 est
451 3163 509 3216 esse
520 3161 645 3216 accidens
661 3161 772 3234 physice
788 3165 865 3216 extra
881 3160 1047 3216 subiectum:
1067 3163 1139 3234 quod
1157 3169 1249 3218 tamen
1264 3183 1318 3220 non

216 3255 290 3306 creat
306 3249 493 3304 difficultatem
505 3249 535 3303 in
552 3247 721 3303 defendendo
735 3248 915 3304 Eucharistiae
935 3249 1072 3320 mysterio,
1084 3248 1113 3304 in
1125 3266 1178 3322 quo
1196 3251 1318 3308 accidens

215 3344 258 3393 est
269 3338 381 3393 alterius
392 3337 492 3391 ordinis
505 3337 568 3409 (VI.
581 3355 608 3390 n.
622 3336 665 3404 79,
677 3336 735 3407 80).
1223 3347 1225 3352 ·

249 3425 385 3498 Sequitur,
395 3425 509 3478 formam
518 3423 713 3478 accidentalem
722 3439 777 3476 non
788 3422 851 3477 ideo
864 3441 920 3477 esse
933 3421 1126 3477 accidentalem
1137 3423 1211 3494 quod
1218 3424 1318 3479 habeat

215 3513 325 3584 aliquod
345 3529 396 3565 cese
411 3511 552 3582 physicum
570 3511 711 3580 separabile
729 3527 747 3563 a
765 3509 922 3577 substantia,
942 3509 1006 3581 quia
1025 3509 1113 3563 ferma
1131 3510 1240 3564 nullum
1261 3529 1319 3567 esse

213 3598 297 3654 habet
316 3597 370 3652 nisi
389 3595 532 3668 compositi
553 3595 629 3650 cuius
648 3599 690 3649 est
710 3595 804 3660 forma,
817 3596 864 3649 sed
884 3595 947 3649 ideo
967 3600 1075 3649 tantum
1093 3595 1158 3666 quie
1178 3613 1235 3651 esse
1253 3598 1318 3654 sub-

215 3685 323 3740 stantiae
335 3684 375 3737 ita
385 3687 433 3736 est
444 3700 508 3736 cum
521 3681 573 3736 hac
585 3681 679 3749 forma,
692 3686 724 3734 ut
740 3681 827 3753 pessit
845 3699 902 3736 esse
921 3682 979 3736 sine
990 3681 1043 3736 hac
1054 3681 1147 3736 forma
1184 3683 1240 3738 Sed
1256 3684 1317 3741 haeo

214 3773 308 3839 forma,
326 3769 432 3840 quando
445 3773 494 3838 est,
506 3785 562 3821 non
581 3767 756 3822 constituitur
772 3768 873 3822 inesse
888 3767 942 3822 nisi
958 3773 990 3822 ut
1006 3774 1122 3841 recepta,
1135 3787 1183 3824 seu
1202 3772 1318 3828 termine

215 3856 373 3912 enbsmntiae
391 3855 552 3908 terminata:
572 3860 600 3908 et
615 3859 647 3908 ut
658 3859 750 3926 posset
767 3855 884 3927 separari
898 3855 1009 3928 physice
1023 3873 1040 3909 a
1055 3854 1214 3925 substantia,
1226 3859 1317 3930 requi-

214 3950 317 4000 reretur
327 3948 360 3996 ut
377 3940 508 3996 terminus
524 3940 708 3995 substantialis
723 3961 741 3996 a
755 3942 907 3997 substantia
925 3943 1040 4015 separari
1058 3948 1165 4015 posset,
1184 3946 1257 4016 quod
1276 3952 1318 4002 est

213 4027 388 4102 impossihile.

249 4117 292 4171 49.
311 4115 346 4170 In
358 4113 508 4169 substantia
520 4113 676 4186 composite,
689 4131 738 4168 eeu
748 4115 777 4169 in
789 4121 886 4170 nature
897 4115 1068 4170 substantiali
1080 4116 1199 4172 actiones
1214 4124 1242 4173 et
1254 4137 1317 4192 pas·

215 4203 304 4257 aiones
325 4201 403 4273 (licet
423 4200 479 4254 sint
503 4199 652 4254 accidentia
674 4201 842 4272 singulorum
866 4203 1061 4258 elementorum
1085 4206 1317 4280 componentium)
1421 4268 1423 4272 ,

214 4295 326 4345 causant
346 4287 534 4360 compositum,
556 4292 585 4341 et
605 4286 841 4349 determinationes
862 4307 896 4343 ex
915 4289 950 4343 iis
968 4289 1127 4343 resultantes
1149 4291 1319 4347 constituunt

216 4376 429 4447 compositionem,
441 4379 474 4430 ut
488 4374 592 4429 dictum
605 4379 745 4449 estsupra.
783 4375 873 4441 Quare
885 4375 945 4464 haec
957 4375 1116 4447 compositio
1127 4394 1182 4430 non
1195 4383 1237 4432 est
1247 4379 1318 4436 ecci-

889 4467 892 4499 ,
939 4475 940 4478 ,
