3222 4984
268 349 331 413 174
572 367 615 410 nn
632 365 777 411 ncrrorrn
794 365 853 410 cnr
870 365 909 409 rra
925 364 1055 409 musco.
1222 343 1310 428 [car.
1328 363 1369 407 11.

266 535 370 617 novo),
386 533 440 598 sed
455 533 550 598 solam
565 533 826 599 continuationem
849 544 1014 597 concursus
1038 530 1222 610 simultanei,
1238 554 1300 616 quo
1315 553 1368 596 vo·

265 650 370 715 luntas
384 651 446 714 iam
461 659 507 714 est
522 651 555 714 in
570 659 652 715 actu.
696 650 780 734 Ergo
795 648 966 734 cooperatio
980 647 1076 712 libera
1090 655 1236 712 creaturae
1251 647 1367 712 nullam

266 783 375 827 novam
391 761 603 828 excitationem
618 761 763 848 postulat,
780 760 833 826 sed
847 759 950 825 existit
964 767 1034 845 post
1049 781 1116 823 eam
1137 758 1235 844 ipsam
1256 760 1368 824 excita·

264 875 391 954 tionem,
407 883 477 959 post
497 897 590 960 quam
610 882 711 960 potest
732 873 843 938 habere
865 872 966 937 locum
989 871 1079 936 etiam
1102 893 1165 935 non
1187 871 1367 956 cooperatio.

266 986 368 1052 Verba
389 985 486 1072 igitur
501 985 630 1050 Concilii
652 985 812 1050 continent
834 985 913 1049 circa
934 982 1122 1048 voluntatem
1144 983 1310 1046 humanam
1333 992 1368 1047 ut

266 1107 382 1164 motam
397 1122 415 1163 a
429 1099 507 1178 Deo,
523 1107 553 1163 et
565 1099 644 1163 circa
657 1097 827 1162 libertatem
843 1105 938 1175 actus,
954 1118 989 1160 ea
1003 1095 1105 1159 omnia
1127 1117 1195 1180 quae
1212 1118 1268 1158 nos
1283 1103 1369 1159 tene-

265 1233 344 1292 mus,
361 1219 392 1277 et
417 1233 456 1276 ne
478 1211 619 1275 umbram
642 1208 765 1295 quidem
788 1207 922 1294 physicae
943 1207 1270 1293 praedeterminationis
1284 1207 1367 1271 exhi-

266 1321 351 1388 bent.

309 1433 484 1498 Auctoritas
499 1431 622 1498 tandem
641 1432 672 1497 S.
689 1431 815 1496 'lhomae
827 1429 979 1496 convincit
993 1429 1096 1493 Deum
1118 1429 1247 1494 excitare
1261 1429 1368 1494 volun·

265 1554 372 1624 tatem,
385 1543 439 1608 sed
449 1566 511 1608 non
522 1544 630 1629 probat
645 1543 803 1631 physicam
815 1541 1163 1627 praedeterminationem
1176 1550 1261 1605 actus
1271 1540 1368 1606 liberi.

265 1658 381 1722 Verum
397 1665 452 1734 est,
466 1657 547 1740 quod
564 1678 645 1741 saepe
659 1655 794 1740 loquitur
809 1655 847 1718 de
861 1655 1040 1719 necessitate
1054 1655 1220 1738 applicandi
1233 1656 1369 1718 virtutem
1431 1688 1433 1692 ·

265 1777 403 1848 creatam,
416 1779 446 1832 et
462 1769 545 1853 quod
560 1777 654 1848 tenet,
667 1769 922 1832 aullcmcuturom
932 1775 1191 1852 quantumcumque
1204 1766 1369 1851 perfectum

258 1903 348 1966 passe
374 1882 533 1964 procedere
552 1883 584 1945 in
601 1889 698 1945 actum
720 1904 814 1960 suum,
838 1883 897 1944 cisi
920 1888 1069 1943 moveatur
1092 1903 1110 1943 a
1130 1881 1196 1943 Deo
1221 1881 1265 1962 (1.
1288 1881 1319 1943 2.
1337 1901 1366 1963 q.

267 1994 340 2057 109.
357 2015 383 2056 a.
403 1994 457 2078 1.),
468 2003 499 2056 et
514 1991 572 2057 alia
587 1992 747 2071 eiusmodi,
760 1991 919 2077 exquibus
930 1992 1101 2056 Goudinius
1118 2000 1367 2074 argumentatur:

264 2104 317 2169 sed
332 2103 363 2169 S.
379 2105 513 2170 Thomas
527 2104 560 2168 in
584 2105 632 2168 his
658 2104 800 2169 adhibuit
825 2104 951 2168 modum
977 2103 1122 2189 loquendi
1145 2112 1365 2188 congruentem

264 2215 400 2303 physicae
416 2239 541 2281 suornm
557 2225 750 2301 temporum:
773 2216 847 2281 etsi
868 2215 1094 2280 inclinationem
1118 2224 1238 2281 naturae
1260 2223 1368 2281 creatae

263 2349 327 2391 non
342 2327 562 2392 considerasset
577 2336 613 2392 ut
628 2327 778 2407 accidens,
795 2327 847 2390 sed
870 2335 905 2390 ut
927 2327 1143 2412 proprietatem
1166 2327 1366 2406 essentialem,

265 2446 319 2503 aut
334 2438 360 2503 si
375 2439 567 2524 cognovisset
583 2438 747 2503 falsitatem
762 2437 845 2502 illius
854 2438 996 2523 principii
1004 2439 1081 2502 nicil
1089 2439 1181 2503 movet
1190 2441 1248 2502 nisi
1258 2447 1367 2503 motum

265 2549 318 2633 (V.
348 2550 459 2615 Suarea
489 2549 625 2634 metaph.
657 2549 836 2656 disp0mrii.
864 2558 937 2614 sect.
962 2553 994 2615 2.
1020 2572 1052 2614 n.
1077 2553 1146 2633 47),
1161 2571 1233 2614 curn
1254 2549 1367 2614 maiore

264 2661 461 2727 distinctione
486 2662 607 2727 locutus
633 2662 761 2727 luisset:
795 2671 826 2727 et
847 2662 914 2726 loco
937 2661 1075 2727 dicendi:
1099 2665 1157 2726 uisi
1177 2672 1326 2727 moveatur
1347 2687 1367 2726 a

263 2774 339 2852 Deo,
356 2773 481 2838 dixisset
496 2773 691 2858 simpliciter:
714 2776 774 2838 cisi
795 2773 984 2858 dependenter
1006 2774 1123 2852 uDe03
1145 2774 1203 2838 hoc
1218 2775 1300 2839 enim
1320 2783 1366 2839 est

263 2885 345 2969 quod
371 2883 549 2949 intendebat
575 2885 712 2970 probare.
770 2884 872 2961 Quare
897 2885 929 2949 S.
955 2885 1098 2964 Thomas,
1123 2886 1149 2949 si
1173 2887 1366 2951 materialiter

261 2995 462 3080 intelligatur,
486 2996 578 3060 habet
602 2997 668 3060 sine
701 2997 795 3062 dubio
824 2998 934 3083 aliqua,
961 3021 1031 3082 quae
1055 2998 1365 3082 praedeterminationi

260 3106 396 3192 physicae
415 3116 541 3192 possent
564 3108 726 3193 applicari:
750 3110 804 3174 sed
825 3110 875 3173 hae
897 3109 1064 3174 locutiones
1086 3110 1189 3174 minus
1212 3110 1366 3176 distinctae

261 3216 349 3281 facile
363 3218 529 3282 trahuntur
543 3219 575 3282 in
590 3219 708 3284 bonurn
731 3243 864 3300 sensum,
881 3220 907 3284 si
928 3220 1153 3306 restringantur
1179 3221 1217 3286 ad
1240 3235 1365 3287 naturas

262 3329 490 3412 cognoscitivas,
505 3352 576 3414 quae
590 3353 654 3394 non
669 3339 740 3395 ante
754 3331 924 3416 procedunt
939 3331 979 3396 ad
990 3340 1103 3410 actum,
1114 3354 1206 3416 quarn
1218 3333 1365 3418 recipiant

264 3448 380 3503 motum
396 3439 429 3504 in
452 3440 515 3504 suis
537 3442 776 3526 passivitatibus,
793 3451 829 3506 ut
852 3465 931 3528 saepe
947 3441 1096 3508 diximus:
1121 3441 1175 3506 sed
1189 3443 1256 3508 haec
1270 3444 1366 3508 motio

261 3573 324 3615 non
350 3551 442 3615 habet
468 3553 618 3617 rationem
644 3553 972 3638 praedeterminativam
997 3563 1083 3618 actus
1097 3553 1194 3634 liberi,
1210 3554 1263 3619 sed
1279 3564 1365 3619 actus

260 3664 420 3748 spontanei
435 3671 566 3742 tantum,
583 3673 614 3728 et
637 3665 760 3748 quidem
784 3689 847 3729 non
871 3688 925 3751 per
946 3665 1176 3750 impressionem
1198 3665 1310 3730 factam
1333 3667 1365 3730 in

260 3777 413 3841 activitate
428 3776 604 3856 voluntatis,
618 3778 671 3841 sed
685 3786 808 3842 tantum
819 3801 874 3863 per
884 3779 1116 3863 impressionem
1130 3779 1242 3843 factam
1257 3780 1364 3844 ineius

261 3891 446 3973 passivitate,
467 3889 607 3954 videlicet
630 3891 771 3974 ponendo
802 3892 970 3956 terminum
992 3899 1079 3956 actus
1104 3891 1185 3956 intra
1212 3893 1363 3978 sphaeram

260 4002 422 4066 activitatis
442 4002 574 4087 agentis.
627 4003 678 4067 Ad
700 4003 778 4083 haec,
801 4004 971 4069 locutiones
993 4004 1055 4069 illae
1076 4005 1157 4068 trahi
1180 4015 1310 4090 possunt
1332 4016 1363 4072 et

258 4113 370 4178 debent
393 4111 431 4178 in'
448 4114 564 4179 bonum
587 4137 711 4180 sensum
734 4139 769 4180 ex
791 4116 858 4180 aliis
882 4117 913 4181 S.
930 4116 1058 4182 Thomae
1071 4117 1286 4198 locutionibus,
1309 4119 1363 4183 ubi

258 4224 332 4288 dicit
347 4224 450 4287 Deum
468 4247 589 4289 movere
604 4225 794 4290 voluntatem
818 4227 857 4291 ad
880 4227 996 4291 bonum
1019 4228 1053 4291 in
1073 4228 1240 4309 communi,
1255 4230 1363 4295 volun·

257 4342 352 4399 tatem
367 4343 470 4398 autem
485 4359 604 4401 movere
619 4337 749 4422 seipsam
765 4337 805 4402 ad
813 4340 894 4402 bona
905 4339 1099 4423 particularia
1112 4366 1118 4404 :
1143 4340 1196 4404 ubi
1207 4341 1364 4407 evidenter
