3186 4982
1562 283 1565 315 l

255 295 321 358 808
627 311 734 356 sunus
749 311 989 356 osronoercus.
1198 291 1288 378 [cnr.
1304 310 1365 354 ιιι.

290 471 343 530 mo
354 477 383 529 et
393 475 448 532 alia
463 474 533 532 rstio
545 475 663 548 ponendi
680 475 885 532 distinctionem
899 473 1121 548 principiorum
1138 473 1235 545 musis,
1247 473 1272 528 si
1283 473 1366 530 vide-

256 560 321 617 licet
338 578 438 618 nomen
455 577 544 618 causae
561 561 696 618 tribuatur
709 566 818 618 tantum
833 561 883 632 illi,
895 561 969 633 quod
986 565 1050 616 actu
1065 565 1167 630 causat,
1179 577 1279 615 nomen
1296 576 1368 615 vero

254 649 380 723 principii
397 649 533 705 tribuatur
552 649 603 720 illi,
615 651 688 723 quod
705 653 747 706 est
765 655 859 722 aptum
880 649 915 706 ad
936 649 1109 718 musandum,
1122 648 1278 722 priusquam
1297 651 1365 702 actu

255 734 413 792 carnaverit
449 735 489 792 Et
505 735 558 792 boc
573 737 654 792 modo
672 743 748 794 actus
764 735 951 792 substantialis
964 740 993 791 et
1008 735 1122 792 materia
1138 753 1170 790 eo
1186 738 1296 790 actuata
1305 732 1363 788 dici

255 825 368 894 possunt
382 839 464 878 causa
474 821 596 879 formulis
613 828 642 880 et
653 822 801 880 materialis
816 821 976 880 substantia
988 821 1139 892 existentis,
1150 821 1215 877 licet
1232 838 1319 876 unum
1329 819 1362 874 in

254 907 339 962 altero
356 906 527 966 includatur:
545 914 639 966 contra
650 915 727 966 actus
744 910 847 982 primus
858 908 965 965 emendi
980 915 1009 964 et
1020 908 1134 964 materia
1150 907 1239 980 prima
1249 911 1282 961 ut
1293 924 1361 962 con-

254 993 391 1066 cipiuntur
400 994 431 1051 in
442 997 525 1071 priori
536 998 572 1054 ad
588 996 810 1054 constituendum
821 1013 877 1068 ens,
889 996 1014 1052 dioentm
1030 995 1192 1068 principium
1202 994 1316 1050 formale
1330 1001 1362 1049 et

254 1075 401 1138 materiale.
950 1125 953 1138 .

288 1168 331 1224 86.
350 1169 477 1226 Diximus
484 1168 854 1244 propriumessesubetantiae
861 1167 1210 1242 creatoeessesusceptivam
1218 1167 1359 1240 passionis.

254 1253 374 1311 Evidens
386 1261 428 1312 est
439 1261 531 1312 autem
542 1256 616 1329 quod
627 1256 778 1328 anteposito
789 1255 873 1328 recipi
887 1259 978 1328 potest
988 1254 1018 1309 in
1029 1254 1152 1328 potentia
1167 1254 1282 1328 passiva,
1294 1255 1362 1326 quia

253 1341 313 1397 baec
333 1343 456 1416 potentia
473 1348 515 1400 est
532 1343 665 1402 terminus
681 1341 824 1398 actuabilis
842 1343 900 1398 sola
916 1341 1022 1397 actione
1039 1340 1153 1414 egentis,
1165 1345 1194 1396 et
1209 1341 1280 1396 aetio
1295 1359 1361 1414 pas-

254 1427 357 1484 sionem
377 1431 466 1488 infert
501 1430 634 1486 Attamen
654 1429 806 1486 substantia
826 1434 923 1498 creata,
945 1433 974 1484 et
994 1445 1074 1484 omne
1091 1445 1147 1498 ons,
1168 1446 1224 1483 non
1245 1433 1360 1503 excepto

253 1515 319 1584 Deo,
329 1515 429 1571 dicitur
440 1515 584 1587 aliquando
592 1515 744 1572 subiectum
752 1515 884 1588 passionis
894 1514 1095 1588 metaphorica,
1103 1518 1137 1569 ut
1147 1531 1232 1586 quum
1243 1515 1361 1570 dicimus

253 1600 404 1656 subiectum
416 1601 563 1672 relationis,
570 1602 691 1658 scientiae
704 1607 732 1658 et
743 1602 889 1671 similium3
907 1606 974 1671 tunc
986 1601 1059 1656 enim
1070 1601 1158 1673 passio
1169 1601 1361 1674 proprienulla

253 1692 295 1740 est
312 1686 365 1740 nisi
376 1687 471 1760 logica
508 1688 555 1744 Sic
572 1689 646 1744 Deus
658 1694 700 1744 est
717 1688 869 1744 subiectum
886 1687 1007 1744 mentire
1022 1687 1051 1741 in
1067 1692 1200 1759 quantum
1212 1692 1254 1743 ast
1270 1689 1358 1759 soba,

253 1772 346 1828 album
358 1779 400 1829 est
406 1773 557 1830 subiectum
564 1775 760 1847 similitudinis,
769 1776 938 1848 inquantum
946 1779 1116 1848 comparetur
1127 1775 1162 1830 ad
1169 1776 1245 1831 aliud
1256 1775 1358 1847 album,

252 1859 334 1921 bonno
346 1865 389 1914 est
400 1860 551 1916 subiectum
561 1863 740 1934 paternitatis,
750 1863 780 1916 in
791 1867 923 1934 quantum
933 1861 1016 1916 habet
1026 1862 1115 1916 filium
1126 1867 1176 1918 etc
1202 1862 1266 1918 Hoc
1277 1865 1359 1918 modo

252 1945 404 2001 subiectum
415 1965 470 2002 non
485 1948 581 2022 recipit
592 1949 696 2021 aliquid
709 1949 782 2022 qnod
795 1949 825 2003 in
836 1949 895 2022 ipso
906 1948 1046 2017 inhaereat,
1059 1948 1106 2004 sed
1122 1953 1231 2004 tanturn
1242 1950 1359 2005 denomi-

252 2033 383 2088 aotiooem
395 2034 453 2090 sive
468 2035 569 2092 realem
580 2036 638 2092 sive
655 2037 782 2106 rationis;
800 2037 871 2092 unde
884 2035 986 2092 dicitur
1000 2034 1153 2091 subiectum
1163 2037 1360 2107 proedsbotbm'c

252 2122 297 2177 vel
310 2122 490 2193 cantationi,
504 2129 532 2179 ct
543 2125 622 2181 valde
635 2129 758 2180 accurate
770 2123 902 2196 distingui
914 2123 995 2179 debet
1006 2140 1023 2177 a
1034 2122 1157 2178 subiecto
1168 2124 1321 2179 immoene

289 2209 331 2264 87.
350 2209 403 2264 Est
415 2215 443 2264 et
454 2210 509 2266 alia
519 2211 668 2284 proprietas
679 2211 750 2266 entis
766 2209 871 2266 ratione
883 2209 1001 2280 termini,
1014 2209 1120 2266 scilicet
1130 2209 1230 2266 habere
1240 2211 1288 2265 obi
1299 2211 1359 2268 eive

252 2295 345 2364 locale,
358 2296 416 2352 sive
431 2297 623 2353 intellectuale.
659 2297 785 2352 Termino
801 2297 973 2353 substantiali
987 2297 1132 2370 respondet
1143 2298 1189 2352 ott
1202 2297 1359 2354 absolutum

253 2387 282 2436 et
293 2382 475 2454 intrinsecum,
488 2385 562 2456 qnod
572 2403 627 2440 non
639 2390 681 2441 est
692 2385 815 2440 accidens
828 2384 891 2456 (VI.
904 2401 931 2440 n.
944 2385 984 2457 6).

287 2467 414 2524 Termino
426 2470 594 2541 accidentali,
607 2488 656 2526 sen
672 2471 803 2544 potentiae
815 2476 848 2526 nt
863 2470 1064 2527 accidentaliter
1075 2475 1201 2540 actuatae,
1213 2470 1359 2544 respondet

251 2555 297 2610 eoi
310 2555 455 2611 relativum
471 2561 500 2612 et
516 2556 690 2628 accidentale,
702 2558 776 2630 quod
793 2563 835 2612 est
851 2558 921 2614 ratio
938 2557 1082 2630 peculiaris
1098 2557 1205 2614 essendi
1220 2558 1294 2614 illius
1311 2558 1359 2612 obi

252 2643 325 2713 qnod
336 2642 371 2697 ad
382 2642 561 2698 substantiam
572 2644 612 2698 rei
623 2645 742 2716 pertinet
755 2645 795 2716 (V
797 2645 819 2700 1.
832 2663 859 2699 n.
873 2646 930 2716 42).

285 2728 337 2783 Est
357 2733 450 2784 autern
469 2730 515 2784 adi
533 2731 664 2785 terminus
684 2730 851 2787 extrinsecus
870 2730 1019 2786 terminans
1035 2729 1233 2786 virtualitatem
1253 2728 1355 2786 divinae

251 2816 441 2870 immensitatis
455 2817 521 2888 (ΙΠ.
532 2835 559 2872 n.
572 2818 664 2890 2—12).

286 2902 330 2955 Ex
348 2903 394 2957 abi
409 2903 555 2974 distinctis,
566 2922 615 2960 sen
631 2904 794 2962 habentibus
809 2904 967 2960 distinctam
981 2903 1115 2958 rationem
1130 2902 1295 2959 terminandi
1310 2919 1355 2958 re-

252 2989 336 3044 sultat
347 2990 464 3063 spatium
475 2991 627 3062 relativum,
640 2991 777 3062 distantia,
789 2992 864 3048 loeus
877 2991 943 3064 (III.
956 3009 983 3047 n.
997 2990 1108 3062 13-22),

642 3198 810 3239 amoenus
822 3198 958 3240 marma.

513 3303 690 3376 &oprtetctea
700 3305 765 3362 eatis
777 3325 809 3361 en
814 3313 894 3378 porte
905 3306 1089 3378 eoonplemeoto'.

287 3421 329 3476 88.
350 3419 443 3487 Quum
460 3423 689 3495 complementum
705 3425 776 3480 entis
792 3426 830 3480 sit
847 3427 905 3482 eius
917 3426 1031 3482 aotrralis
1047 3425 1139 3480 unitas
1156 3439 1304 3496 exsurgens
1319 3437 1354 3478 ex

250 3512 327 3563 actus
339 3515 367 3564 et
375 3508 484 3563 termini
496 3510 700 3582 conspiratione,
710 3518 868 3585 competunt
880 3513 938 3570 enti
946 3513 1049 3568 ratione
1061 3508 1255 3583 complementi
1264 3507 1355 3563 omnia

251 3613 312 3668 quae
332 3602 490 3670 competunt
502 3599 527 3652 ei
542 3599 647 3654 ratione
664 3605 741 3655 ectus
753 3605 782 3656 et
798 3601 908 3656 termini
923 3601 952 3656 in
968 3604 1102 3673 quantum
1113 3598 1247 3670 complete
1264 3595 1353 3652 consi-

251 3684 384 3740 derantur.
420 3684 459 3738 Et
470 3685 557 3757 primo
569 3702 654 3757 quum
666 3687 817 3744 substantia
829 3689 934 3744 ratione
946 3688 989 3744 sui
1000 3686 1192 3760 complementi
1203 3685 1240 3740 sit
1250 3703 1312 3754 aaa
1325 3688 1355 3738 et

251 3769 342 3824 unitas
354 3770 391 3824 sit
398 3770 562 3843 principium
570 3773 683 3842 numeri,
693 3775 823 3848 competit
831 3775 989 3832 substantioe
997 3774 1100 3830 ratione
1112 3774 1155 3828 sui
1164 3769 1355 3844 complamenti

250 3873 308 3910 esse
325 3857 485 3928 principatum
504 3858 676 3914 moltitculiaia
696 3865 725 3916 et
745 3878 802 3916 esse
821 3862 985 3934 principiam
1005 3860 1173 3916 distinotionis
1193 3859 1256 3932 (VI.
1272 3876 1299 3913 n.
1320 3857 1355 3911 10

252 3949 279 3998 ot
293 3942 348 4016 18).
850 3999 854 4007 ,

285 4031 365 4100 Item,
375 4032 601 4103 quemadmodum
612 4033 750 4106 proprium
761 4038 804 4089 est
815 4033 982 4107 substantiae,
989 4035 1091 4090 ratione
1102 4039 1182 4104 notas,
1189 4031 1289 4087 habere
1296 4030 1355 4087 vir-

250 4123 338 4174 tutem
350 4119 468 4174 activam
480 4118 619 4173 cuiusdam
627 4120 781 4174 intersticiis
792 4120 822 4174 in
833 4122 974 4192 movendo,
982 4127 1011 4178 et
1021 4120 1158 4194 proprium
1170 4123 1213 4174 est
1223 4117 1353 4184 eiusdem,

250 4206 354 4260 ratione
370 4205 487 4274 termini,
504 4206 610 4278 signare
626 4207 790 4262 directionem
807 4226 862 4280 que
877 4209 1021 4264 intersitas
1039 4213 1130 4264 motus
1143 4207 1250 4279 indiget
1265 4210 1298 4260 ut
1316 4203 1354 4258 sit

251 4294 393 4364 complete,
405 4293 445 4347 ita
456 4293 593 4365 proprium
605 4297 647 4348 est
664 4294 785 4350 eiusdem
797 4295 964 4368 substantia,
977 4296 1080 4352 ratione
1097 4295 1140 4351 sui
1151 4290 1352 4368 complementi,
