3212 4986
273 353 316 414 30
739 367 781 411 nu
799 366 874 410 neo.
1249 342 1334 426 [car.
1352 362 1375 404 r.

271 541 350 598 tates
371 532 511 598 relativas
538 529 718 594 identiiieari
743 551 813 593 eum
836 527 966 592 entitate
987 522 1137 589 absoluta.
1184 521 1245 586 Sed
1267 523 1293 586 si
1315 543 1377 586 non

272 644 511 722 identifioentur,
527 642 650 707 dabitur
664 639 844 725 compositio
858 638 892 702 in
906 636 983 700 Deo.

317 754 500 839 Respondeo
523 755 591 818 dist.
607 755 656 816 M.
678 774 746 836 quae
768 750 997 814 identifieantur
1018 747 1074 811 uni
1095 745 1186 810 tertio
1209 745 1375 829 adaequate,

273 865 502 931 identifieantur
524 865 603 928 inter
626 886 658 927 se
680 886 706 927 e.
728 863 788 941 M„
801 884 869 946 quae
891 859 1119 924 identifioantur
1141 856 1197 920 uni
1218 855 1308 920 tertio
1329 856 1376 917 in·

272 979 440 1063 adaequate,
468 1000 503 1042 ea
526 976 755 1041 identifioantur
779 974 859 1038 inter
884 995 916 1036 se
941 973 1023 1036 subd.
1049 970 1074 1033 si
1100 967 1216 1033 nullam
1242 967 1374 1032 habeant

272 1091 495 1176 oppositionem
511 1088 669 1152 relativam
685 1095 788 1165 trans,
804 1085 830 1150 si
845 1085 998 1148 habenta.
1010 1083 1058 1144 M.
1072 1089 1103 1145 et
1115 1081 1244 1144 contrad.
1260 1081 1329 1142 min.
1346 1102 1375 1141 a.

273 1226 349 1268 cons.
407 1199 580 1275 Paternitas
602 1206 633 1263 et
656 1198 787 1261 essentia
810 1195 913 1260 divina
934 1194 1161 1258 identifieantur
1186 1191 1375 1275 inadaequate

272 1322 404 1392 tantum,
420 1320 451 1375 et
466 1311 547 1374 idem
563 1308 726 1374 dicendum
742 1308 780 1371 de
792 1307 953 1371 Filiatione
968 1315 998 1370 et
1014 1305 1051 1370 de
1062 1304 1233 1389 spiratione
1247 1303 1375 1388 passiva.

275 1421 336 1486 Sed
355 1443 392 1486 ex
413 1421 471 1486 hoe
491 1443 554 1485 non
575 1421 713 1505 sequitur
727 1418 946 1482 Paternitatem
967 1426 997 1480 et
1017 1416 1180 1480 essentiam
1196 1415 1328 1478 divinam
1344 1416 1376 1478 in

273 1535 364 1602 Patre
385 1557 451 1598 esse
474 1534 550 1598 duas
573 1556 621 1597 res
643 1533 815 1611 distinctas,
832 1531 884 1597 sed
906 1540 1040 1608 tantum,
1056 1529 1219 1594 essentiam
1242 1528 1374 1592 divinam

273 1669 328 1729 per
336 1645 555 1709 Paternitatem
571 1666 633 1707 non
650 1643 834 1706 sufficienter
848 1641 1025 1706 terminari:
1049 1649 1080 1703 et
1095 1639 1147 1718 sie,
1162 1639 1232 1702 licet
1247 1639 1377 1702 essentia

275 1755 377 1820 divina
399 1755 439 1818 sit
460 1755 648 1820 identificata
669 1776 737 1818 oum
761 1753 951 1817 Paternitate
976 1751 1009 1814 in
1034 1751 1132 1828 Patre,
1156 1751 1249 1834 exigit
1278 1749 1377 1813 adhue

274 1866 454 1930 identificari
474 1889 545 1930 oum
561 1865 722 1929 Filiatione
738 1865 771 1927 in
787 1864 875 1942 Filio,
891 1873 922 1927 et
937 1885 1007 1927 cum
1025 1862 1197 1946 spiratione
1212 1861 1330 1946 passiva
1344 1862 1374 1923 in

277 1978 395 2061 Spiritu
416 1977 537 2040 Sancto.
584 1977 625 2040 Et
643 1976 707 2040 haec
725 1985 772 2040 est
792 1976 869 2041 ratio
889 1985 1014 2060 propter
1026 1997 1119 2058 quam
1131 1973 1261 2037 essentia
1276 1972 1378 2036 divina

276 2089 388 2152 dicitur
403 2091 584 2172 inadequute
599 2087 780 2151 identifieari
796 2109 865 2151 cum
883 2085 1013 2170 singuiis
1028 2084 1209 2148 entitatibus
1227 2083 1376 2147 relativis:

276 2201 359 2264 unde
382 2200 564 2264 identifioari
587 2200 778 2284 inadaequate
801 2221 870 2262 oum
895 2220 957 2262 una
979 2221 1014 2261 ex
1043 2197 1104 2261 illis
1132 2219 1196 2260 non
1227 2196 1377 2279 signifieat

276 2311 457 2376 identifieari
471 2311 658 2395 imperfecte,
670 2309 723 2374 sed
738 2310 863 2373 omnino
879 2309 1047 2372 secundum
1059 2331 1158 2371 veram
1176 2307 1378 2384 identitatem,

276 2431 411 2486 attamen
434 2445 505 2486 oum
529 2399 683 2504 exigentia
706 2397 955 2485 identificatiouis
978 2421 1010 2483 in
1033 2420 1158 2484 caeteris.
1204 2418 1314 2504 Itaque
1345 2419 1375 2481 in

276 2533 366 2596 Patre
388 2543 435 2597 est
458 2542 524 2596 tota
548 2532 680 2596 essentia
705 2531 807 2595 divina
823 2540 858 2595 ut
873 2531 994 2596 realitas
1019 2532 1317 2614 incorreptumaut
1336 2530 1379 2593 sio

276 2644 483 2707 identificatur
505 2665 575 2707 eum
591 2641 800 2706 Paternitate:
824 2643 857 2706 in
873 2642 951 2706 Filio
974 2651 1021 2706 est
1044 2652 1109 2706 tota
1131 2642 1262 2706 essentia
1277 2641 1378 2706 divina

276 2765 312 2819 ut
328 2755 448 2819 realitas
464 2756 610 2818 intellecta
622 2763 652 2817 et
665 2762 699 2818 ut
712 2753 754 2817 rie
764 2763 887 2818 tantum
899 2755 1106 2819 identificatur
1116 2777 1185 2819 oum
1196 2754 1374 2818 Filiatione:

277 2867 309 2930 in
323 2866 443 2950 Spiritu
459 2866 571 2929 Sancto
581 2875 628 2929 est
648 2874 713 2930 tota
731 2867 863 2930 essentia
878 2866 981 2930 divina
995 2876 1031 2930 ut
1046 2866 1167 2930 realitas
1182 2864 1331 2942 amabilis,
1347 2873 1378 2928 et

276 2986 312 3041 ut
327 2977 370 3041 sio
385 2977 592 3041 identificatur
610 2999 678 3040 oum
691 2977 866 3062 spiratione
883 2978 1012 3062 passiva.
1057 2977 1104 3040 Ex
1121 2999 1156 3040 eo
1174 2985 1277 3040 autem
1296 2975 1379 3059 quod

276 3090 408 3154 essentia
422 3088 525 3152 divina
540 3100 671 3174 nequeat
687 3112 752 3154 esse
766 3089 799 3154 in
811 3091 902 3154 Patre
917 3099 953 3154 ut
968 3090 1086 3174 passive
1100 3088 1265 3166 intellecta,
1281 3110 1377 3172 quum

275 3209 378 3264 tamen
395 3200 435 3263 sit
450 3199 504 3262 illa
518 3198 586 3282 ipsa
599 3223 667 3284 quae
682 3209 729 3265 est
744 3200 776 3264 in
791 3201 882 3266 Patre
896 3210 933 3265 ut
952 3200 1156 3285 intelligibilis
1177 3208 1257 3278 antu,
1274 3199 1378 3263 statim

276 3319 412 3394 apparet,
432 3309 570 3374 eamdem
593 3333 658 3374 esse
679 3311 849 3376 realitatem
871 3312 1041 3376 absolutam
1065 3333 1133 3397 quae
1155 3333 1226 3375 eum
1249 3309 1380 3394 singulis

276 3421 409 3485 relativis
424 3421 613 3488 realitatibus
628 3421 843 3504 identificatur,
860 3432 891 3487 et
906 3423 1000 3486 simul
1013 3424 1093 3486 hanc
1107 3421 1377 3486 identificationem

275 3555 339 3596 non
359 3554 425 3596 esse
443 3531 642 3616 adaequatam.
688 3532 792 3609 Quare
809 3556 866 3598 neo
887 3533 1030 3598 daturin
1044 3533 1112 3596 Deo
1131 3533 1310 3617 compositio
1325 3555 1379 3596 eu·

275 3642 377 3719 titatis
387 3643 521 3707 relativae
536 3665 606 3708 oum
623 3644 771 3722 absoluta,
781 3666 838 3708 nee
852 3643 923 3708 talis
938 3644 1136 3709 identificatio
1151 3666 1220 3728 quae
1235 3643 1379 3708 entitates
1457 3711 1468 3730 ·

275 3755 416 3819 relativas
431 3755 587 3839 oppositas
602 3755 750 3818 identieas
765 3755 882 3820 reddat.

318 3868 371 3930 38.
399 3867 526 3930 Obiieies
540 3870 584 3930 2⁰.
609 3866 783 3928 Relativum
799 3876 830 3929 et
846 3865 1020 3930 absolutum
1037 3853 1112 3929 sunt
1122 3864 1271 3950 opposita.
1294 3865 1378 3948 Ergo

275 3975 322 4040 vel
342 3999 404 4040 nou
428 3978 549 4041 suntin
566 3976 633 4040 Deo
649 3978 793 4041 entitatos
808 3977 951 4055 relativae,
967 3977 1024 4056 vel,
1042 3978 1067 4040 si
1083 3977 1205 4056 dantur,
1221 3985 1378 4060 nequeunt

274 4109 345 4151 eum
369 4087 660 4151 entitateabsoluta
681 4088 874 4152 identificari.
920 4087 1053 4172 Insuper
1075 4089 1219 4152 entitatos
1247 4088 1380 4152 relativae

273 4198 494 4262 constituerent
509 4199 612 4291 Deum
628 4198 809 4277 relativum
833 4200 916 4283 quod
930 4209 1093 4282 repugnat.

284 4371 287 4376 .
318 4310 499 4393 Respondeo
525 4311 594 4375 dist.
617 4319 680 4374 unt.
705 4311 865 4375 relativum
896 4306 1062 4395 opponitur
1091 4311 1232 4376 absoluto
1262 4311 1379 4375 ratione
