3222 4984
255 433 330 479 one.
348 415 403 499 11.]
698 437 741 481 on
758 409 925 484 rurmiro.
1294 409 1359 482 213

241 596 366 660 ‘seriem
381 597 413 661 in
428 597 527 682 prima
541 597 721 682 aequatione,
739 597 862 682 signum
876 587 1135 692 crepraesentaret
1149 597 1253 663 minus
1268 621 1359 683 quam

257 707 389 772 valorem
405 707 492 772 seriei
503 733 512 786 3
545 706 599 772 sed
622 707 777 773 evidenter
797 709 888 772 series
908 731 976 793 quae
995 709 1131 792 exsurgit
1152 708 1314 773 dividendo
1337 712 1354 776 1

256 839 311 902 per
325 820 346 882 3
362 827 462 904 aequat
476 823 517 905 ἐς
540 840 614 903 ergo
628 818 711 883 valor
725 842 748 882 a:
758 841 820 883 non
831 827 1025 904 repraesentat
1036 819 1139 884 minus
1155 842 1248 904 quam
1262 828 1358 883 totam

258 929 377 994 seriem.

299 1042 362 1105 22:
381 1041 509 1105 Obiiciea
528 1039 574 1105 2⁰.
610 1040 644 1104 Si
679 1040 770 1105 series
805 1041 949 1126 praedicta
974 1049 1054 1105 esset
1079 1041 1210 1120 infinita,
1234 1040 1358 1105 daretur

255 1149 378 1213 tandem
393 1150 495 1234 aliqua
509 1158 583 1215 nota
597 1151 716 1215 infinite
731 1149 848 1216 distans
870 1173 888 1214 a
909 1150 1009 1236 prima
1030 1160 1121 1215 nota:
1155 1151 1209 1215 sed
1229 1151 1288 1215 hoc
1310 1159 1357 1215 est

257 1260 462 1345 impossibile3
492 1284 576 1346 ergo.
622 1261 713 1326 Prob.
736 1262 811 1325 min.
857 1262 938 1325 Nam
958 1261 1039 1325 inter
1053 1262 1184 1347 primam
1199 1270 1303 1326 notam
1326 1270 1357 1325 et

257 1395 335 1452 eam,
348 1395 416 1457 quae
430 1373 551 1437 infinite
566 1373 693 1437 distaret
708 1372 1037 1458 comprehenderentur
1049 1373 1177 1437 infinitae
1186 1373 1252 1437 alia
1267 1382 1356 1437 notae.

257 1484 318 1548 sed
340 1484 421 1549 inter
450 1485 525 1549 duas
550 1493 640 1549 notas
668 1484 795 1548 infinitae
825 1493 905 1548 notae
933 1493 1091 1569 nequeunt
1120 1484 1336 1570 comprehendi
1346 1510 1356 1562 ς

256 1597 328 1680 quia
349 1595 411 1660 illae
434 1596 501 1660 duae
523 1605 604 1660 notae
625 1604 726 1659 essent
751 1595 874 1660 initium
897 1604 929 1660 et
951 1596 1023 1660 finis
1045 1596 1254 1661 multitudinis
1276 1618 1357 1660 com-

256 1707 414 1791 prehensa
417 1731 428 1786 ;
459 1706 514 1771 scd
528 1706 695 1771 multitudo
709 1707 826 1772 habens
840 1707 964 1772 initium
987 1720 1018 1772 et
1038 1708 1131 1772 finem
1145 1729 1209 1771 non
1227 1715 1274 1772 est
1288 1706 1358 1772 infid

257 1819 341 1897 nita3
363 1841 447 1904 ergo.

302 1929 485 2015 Respondao
500 1931 569 1996 dist.
585 1931 635 1995 M.
651 1930 774 1995 daretur
789 1930 890 2016 aliqua
904 1939 977 1995 nota
991 1929 1223 2016 indesignabilir
1237 1928 1357 1993 infinite

257 2040 375 2105 distans
384 2065 409 2106 c.
419 2044 480 2121 M.,
491 2042 689 2128 designabitis
698 2067 727 2107 n.
741 2045 791 2108 M.
803 2051 834 2107 et
845 2045 976 2108 contrad.
991 2046 1061 2108 min.
1071 2067 1102 2108 n.
1117 2067 1196 2109 cons.
1228 2042 1358 2127 Adpro-

256 2152 410 2217 bationem
425 2154 493 2218 dist.
509 2155 560 2218 M.
574 2153 656 2218 inter
666 2155 795 2238 primam
808 2165 838 2218 et
849 2153 982 2239 aliquam
993 2153 1247 2237 indesignabilem
1257 2176 1283 2217 c.
1294 2151 1355 2231 M.,

259 2263 339 2327 inter
353 2263 483 2348 primam
498 2271 529 2328 et
543 2263 677 2349 aliquam
688 2263 907 2349 designabilem
922 2288 952 2328 n.
968 2265 1017 2328 M.
1028 2265 1096 2328 diet.
1107 2267 1188 2344 mira,
1201 2273 1358 2348 nequeunt

259 2374 476 2460 comprehendi
501 2374 582 2438 inter
598 2383 687 2439 notas
707 2374 911 2459 designabiles
929 2399 954 2440 c.
978 2378 1060 2455 min,
1076 2375 1314 2460 indesignabiles
1328 2398 1358 2440 n.

258 2489 328 2550 min.
381 2485 432 2550 Ad
454 2488 605 2550 rationem
630 2487 699 2550 dict.
715 2488 765 2552 M.
780 2495 884 2551 essent
899 2485 1022 2550 initium
1042 2494 1073 2550 et
1092 2486 1173 2565 finis,
1189 2485 1215 2550 si
1229 2493 1359 2570 utraque

258 2607 338 2663 esset
352 2598 550 2683 designabilis
564 2622 589 2663 c.
606 2599 653 2661 M.
671 2620 757 2663 secus
766 2621 795 2662 n.
809 2598 858 2662 M.
870 2621 895 2663 c.
908 2600 979 2663 min.
990 2622 1021 2662 n.
1031 2621 1109 2664 omre.
1141 2599 1215 2662 Haec
1230 2597 1359 2662 obiectio

259 2710 406 2796 implicite
419 2710 531 2775 salsum
557 2709 713 2795 supponit,
729 2710 817 2794 quasi
840 2710 984 2795 possibile
1009 2719 1090 2775 esset
1115 2733 1170 2796 per
1195 2709 1359 2795 quemdam

260 2831 380 2886 motum
395 2844 427 2886 sc
441 2821 604 2886 transferre
618 2822 743 2905 aprima
751 2829 826 2886 nota
834 2822 874 2886 ad
885 2831 1047 2908 sequentes
1057 2822 1153 2886 donec
1161 2821 1356 2907 perveniatur

260 2933 299 2997 ad
323 2932 500 2998 distantiam
525 2932 688 3012 infinitam,
703 2940 735 2996 et
758 2933 801 2996 ibi
824 2942 965 2998 cernatur
990 2934 1044 2998 illa
1069 2933 1129 2997 alia
1150 2942 1224 2998 nota
1247 2955 1359 3017 exque

259 3044 406 3129 accipitur
414 3052 640 3129 argumentum.
666 3043 829 3109 Infinitum
843 3045 951 3131 nequit
966 3066 1020 3130 per
1034 3053 1154 3109 motum
1168 3043 1357 3130 pertransiri,

259 3164 295 3219 ut
310 3155 520 3240 supravisum
542 3163 589 3218 est
598 3159 609 3234 ζ
644 3175 717 3240 ergo
738 3155 925 3240 impossibile
948 3164 995 3220 est
1015 3157 1171 3241 pervenire
1192 3154 1232 3219 ad
1253 3163 1357 3219 notam

257 3265 377 3331 infinite
391 3265 556 3330 distantem
575 3266 716 3351 aprima,
732 3288 803 3350 quae
825 3265 1022 3331 aitterminus
1042 3266 1250 3331 multitudiuis
1261 3265 1358 3330 inter-

258 3378 394 3443 iacentis.
449 3379 616 3463 Repugnat
630 3399 704 3462 ergo
724 3377 877 3462 designari
891 3387 997 3442 notam
1010 3378 1095 3442 illam
1110 3392 1267 3463 tamquam
1282 3377 1360 3442 illud

259 3489 293 3551 in
308 3512 369 3574 quo
384 3490 500 3554 tandem
514 3489 697 3553 terminetur
708 3490 808 3569 series,
824 3511 920 3574 quum
935 3489 1092 3554 infinitum
1101 3512 1165 3556 non
1179 3490 1359 3555 habeatter·

259 3601 387 3665 minum.

303 3712 442 3777 Instatis.
467 3711 582 3777 Saltem
597 3713 684 3777 Deus
705 3712 817 3798 poterit
832 3711 993 3797 designare
1007 3711 1093 3776 illam
1115 3721 1231 3777 notam.
1274 3711 1358 3795 Ergo

261 3829 307 3885 est
323 3821 529 3905 designabilis.
573 3824 656 3888 Nam
672 3823 697 3888 si
712 3823 782 3887 talis
797 3832 871 3887 nota
886 3831 933 3887 est
947 3822 980 3886 in
990 3823 1076 3903 serie,
1085 3821 1206 3888 videtur
1216 3822 1358 3886 determi-

262 3940 334 3996 nate
347 3956 366 3997 a
379 3932 448 3997 Deo
462 3932 583 3998 vidente
602 3942 700 3998 totam
715 3935 821 3998 seriem
833 3957 842 3997 :v
864 3934 890 3997 si
905 3942 1008 3997 autem
1030 3955 1094 3998 non
1113 3932 1234 3998 videtur
1248 3956 1267 3997 a
1280 3932 1358 4022 Deo,

261 4051 337 4114 tunc
361 4052 495 4109 nonest
519 4045 553 4109 in
579 4044 675 4125 serie;
709 4054 740 4110 et
764 4054 984 4130 consequenter
1003 4046 1094 4110 series
1117 4045 1178 4110 iam
1207 4068 1271 4110 non
1300 4047 1358 4111 erit

261 4153 391 4219 infinita.

305 4268 488 4353 Respondeo
503 4270 571 4334 dict.
586 4278 650 4335 ant.
663 4270 774 4355 poterit
789 4271 875 4335 Deus
891 4271 1050 4356 designare
1064 4279 1168 4336 notam
1183 4272 1267 4337 illam
1282 4281 1360 4338 tam·

263 4404 355 4466 quam
370 4403 434 4446 rem
451 4381 484 4446 in
502 4380 579 4447 serie
596 4389 770 4446 contentam
781 4406 807 4446 c.
823 4391 896 4463 aot,
911 4390 1068 4467 tamquam
1088 4384 1253 4448 terminum
1275 4385 1361 4449 seriei
