3186 4982
577 348 683 394 rnnsx
698 349 934 396 ouromcrcus.
1240 328 1309 394 277

204 509 397 583 principiorum
416 511 604 584 cognitionem.
634 513 706 580 lies
724 515 798 570 enim
815 515 871 570 suis
890 513 1030 588 principiis
1047 513 1231 584 constituitur,
1249 525 1309 569 non

205 597 264 652 suis
275 597 515 669 consequentibus3
534 604 562 654 st
573 599 612 654 sic
624 617 729 672 semper
739 606 833 656 menet
844 606 876 657 ut
891 605 1008 674 nequeat
1018 601 1146 672 cognosci
1157 600 1262 674 proprie
1273 600 1308 654 de

205 683 298 755 aliquo
310 684 374 754 quid
382 684 424 755 eit,
435 685 488 739 nisi
500 702 547 757 per
561 685 619 739 eius
631 686 768 758 principis
804 685 910 759 Nequit
922 705 985 759 ergo
998 687 1151 760 responderi
1161 685 1308 758 questioni

205 770 272 840 quid
282 770 316 823 sit
327 787 376 839 res,
386 769 439 824 nisi
452 775 588 842 preeeunte
600 771 711 843 unulysi,
721 788 776 843 que
787 789 828 828 res
840 772 914 846 prius
925 773 1090 846 apprehense
1100 771 1210 844 utquid
1221 787 1308 826 unum

206 855 541 927 irrsucprincipiemente
552 857 702 912 resolvetur
714 857 762 928 (V.
775 876 802 912 n.
815 858 989 929 96innote).
1178 917 1182 926 ,

242 942 268 996 ὅ.
286 941 361 996 Hinc
377 941 492 996 infertur
504 942 726 1015 recognitionem
743 942 782 998 rei
797 946 936 998 secundum
950 945 1020 1016 quod
1029 943 1094 1016 quid
1108 949 1146 998 cet
1161 958 1217 996 non
1230 957 1309 1014 pooee

206 1027 301 1083 heberi
312 1028 365 1082 nisi
382 1045 430 1101 per
440 1034 584 1101 conceptum
601 1029 807 1102 metaphysicos,
819 1047 934 1103 quorum
951 1030 1053 1103 singuli
1063 1047 1121 1084 rem
1138 1028 1309 1100 insdaequste

206 1113 345 1184 exhibent,
355 1131 469 1187 quorum
480 1120 572 1170 temen
585 1115 736 1189 complexio
745 1116 835 1171 ideam
846 1116 885 1170 rei
897 1117 1066 1188 sdaequctnm
1078 1114 1202 1189 praebeet
1240 1112 1308 1168 Evi-

207 1201 274 1255 dens
289 1199 364 1255 eninr
381 1204 430 1270 est,
443 1200 516 1272 quod
531 1200 663 1274 principie
675 1219 724 1274 per
739 1219 801 1274 quse
819 1201 982 1274 intelligitur
1001 1202 1068 1274 quid
1087 1202 1123 1256 sit
1142 1201 1233 1270 homo,
1246 1204 1310 1253 sunt

206 1285 267 1359 ipss
277 1285 454 1341 constitutive
469 1285 596 1357 hominis,
607 1304 703 1359 nempe
721 1287 875 1343 enimelitrs
892 1293 921 1342 et
935 1288 1120 1358 mtionnlitrs3
1138 1287 1200 1342 hoec
1218 1291 1309 1342 sutem

207 1371 340 1444 principis
350 1377 413 1426 sunt
425 1371 499 1427 entis
509 1373 699 1452 ¹metaphysica
710 1391 746 1428 ex
756 1373 837 1430 dictis
854 1391 881 1428 n.
895 1374 920 1444 1,
933 1391 1019 1446 quum
1030 1379 1159 1430 neutrum
1176 1373 1249 1428 dicet
1261 1389 1310 1426 ens

209 1458 351 1531 physicum
363 1463 392 1513 et
403 1463 558 1514 concretum
572 1459 619 1532 (V.
631 1477 658 1513 n.
673 1460 747 1532 104).

210 1579 213 1582 -
243 1544 361 1599 Infertur
372 1545 401 1599 2⁰
412 1545 595 1621 cognitionem
602 1545 642 1600 rei
653 1547 791 1600 modium
799 1549 868 1618 quod
875 1553 912 1601 cst
920 1545 1086 1620 simpliciter,
1094 1563 1151 1602 esse
1159 1544 1309 1618 simplicem

209 1632 330 1690 uotr‘tc'om
340 1631 407 1686 fecti
417 1631 559 1687 cuiusdam
569 1631 666 1686 realis:
685 1636 714 1686 et
724 1632 789 1704 quis
805 1633 858 1686 hoc
870 1650 935 1702 esse,
949 1634 1022 1705 quod
1040 1638 1082 1687 est
1092 1633 1207 1709 cresim
1220 1635 1263 1685 est
1278 1629 1308 1683 in

209 1717 378 1787 indivisrbili,
391 1722 419 1772 et
438 1735 494 1772 non
510 1718 593 1772 hebet
609 1718 743 1791 principie
759 1718 905 1774 intrinsece
920 1719 950 1772 in
970 1737 1031 1791 quus
1045 1707 1144 1774 resolvi
1160 1715 1253 1790 possit,
1265 1733 1310 1770 se·

208 1803 309 1876 quitur,
324 1805 488 1858 eximam
504 1821 560 1858 non
578 1822 658 1877 posse
673 1803 779 1877 concipi
796 1804 945 1860 secundum
962 1805 1035 1877 quod
1052 1805 1119 1877 quid
1139 1809 1188 1872 est,
1208 1808 1236 1857 et
1254 1819 1310 1857 non

209 1907 286 1963 posse
304 1889 411 1944 definiri
430 1907 478 1962 per
498 1907 548 1944 sus
565 1890 720 1961 intrinsece,
733 1895 762 1945 et
780 1896 974 1962 consequenter
993 1891 1027 1946 de
1045 1890 1198 1959 existentia,
1211 1893 1244 1944 ut
1261 1889 1310 1959 sic,

208 1976 314 2031 nullum
335 1975 429 2030 heberi
450 1993 529 2048 posse
553 1977 640 2030 imam
662 1976 776 2050 proprie,
800 1977 848 2032 sed
870 1977 957 2032 solnm
979 1978 1116 2047 notdiom3
1137 1976 1213 2031 cuius
1236 1975 1310 2030 enim

209 2063 325 2118 hebetur
334 2063 403 2131 idea,
416 2061 449 2115 de
462 2079 495 2116 eo
505 2068 594 2134 potest
605 2062 663 2116 deri
674 2062 798 2117 definitio
810 2081 845 2116 ex
856 2063 913 2118 suis
923 2063 1076 2118 intrinsecis
1089 2063 1135 2135 (V.
1147 2081 1175 2116 rr.
1188 2062 1261 2134 108).

246 2149 328 2203 Petet
339 2152 431 2203 eutem
442 2165 490 2202 cur
503 2148 537 2202 de
549 2147 701 2217 existentis,
714 2154 763 2204 eut
774 2148 808 2202 de
824 2148 877 2202 elio
889 2148 1015 2222 simplici,
1027 2149 1100 2221 quod
1111 2147 1244 2219 enclysim
1255 2163 1310 2201 nou

209 2235 323 2308 petitur,
335 2233 468 2307 possimus
479 2233 576 2287 hebere
587 2234 718 2303 notitiam,
730 2235 796 2289 licet
806 2252 862 2288 non
873 2234 1006 2306 possimus
1017 2234 1117 2289 hebere
1127 2235 1220 2288 rilem
1238 2232 1311 2286 Nem

211 2322 247 2376 ed
263 2319 413 2391 simplicem
429 2319 556 2373 notitiem
567 2320 633 2374 setis
651 2325 693 2374 est
704 2338 760 2374 rem
777 2319 811 2375 de
823 2337 879 2392 qus
895 2321 1012 2393 sgitrrrc
1025 2339 1076 2375 non
1087 2339 1116 2374 re
1128 2320 1311 2391 distingueret
1399 2332 1402 2337 ·

210 2413 241 2463 et
258 2405 305 2475 sic,
318 2405 382 2477 quie
397 2404 572 2460 existentium
589 2423 643 2460 non
655 2423 796 2478 possumus
808 2406 939 2461 resolvere
956 2407 986 2461 in
998 2407 1052 2461 duo
1070 2405 1255 2474 constitutive,
1268 2421 1311 2458 re·

172 2501 174 2505 '
210 2494 343 2550 currimus
363 2492 398 2547 od
416 2492 474 2546 eius
497 2492 742 2562 contrudictorium,
758 2509 821 2547 curn
843 2509 897 2564 quo
915 2511 976 2548 eom
999 2509 1192 2566 comparemus,
1211 2495 1240 2546 et
1259 2490 1312 2546 hoc

209 2580 292 2634 modo
307 2578 478 2652 pervenimus
496 2577 530 2632 ud
548 2577 666 2649 aliquem
683 2576 869 2632 definitionem
887 2579 1057 2651 desumptum
1072 2578 1173 2651 purtim
1190 2596 1222 2632 en
1237 2595 1267 2632 rc
1283 2581 1313 2631 et

210 2666 311 2740 pertim
323 2684 356 2719 es
366 2683 418 2719 non
429 2682 466 2732 rc,
479 2668 508 2719 et
523 2663 639 2718 dicimus
650 2683 676 2718 v.
690 2682 729 2735 gr.
743 2664 815 2736 quod
832 2665 941 2719 ccbtere
956 2671 993 2718 eet
1007 2683 1059 2718 esse
1071 2671 1146 2718 entra
1158 2663 1270 2718 nibilum
1287 2667 1313 2716 ct

210 2771 309 2807 caueae
340 2751 396 2806 Sed
407 2751 441 2805 ed
453 2750 605 2806 hebendnm
615 2750 705 2804 ideam
716 2749 756 2804 rei
768 2754 874 2822 oportet
884 2767 943 2804 rem
954 2749 1152 2822 apprehendere
1164 2748 1312 2803 secundum

211 2855 244 2893 ec
260 2855 308 2910 per
319 2853 379 2909 quae
397 2837 536 2890 secundum
546 2854 573 2890 ee
584 2835 712 2889 definitur
719 2855 727 2904 3
746 2839 775 2889 et
785 2834 838 2889 hoc
852 2835 1018 2907 impossibile
1036 2839 1085 2904 est,
1098 2834 1122 2888 si
1139 2851 1182 2888 res
1197 2833 1234 2888 sit
1246 2833 1313 2887 edeo

211 2924 328 2996 simplex
348 2927 381 2977 ut
401 2927 519 2994 nequest
538 2921 636 2977 resolvi
655 2921 751 2976 saltem
773 2921 912 2993 unslogice
930 2921 960 2974 in
979 2937 1064 2993 genus
1083 2926 1112 2975 ct
1131 2919 1313 2974 differentiam

214 3007 490 3082 OEmffimmb

248 3097 273 3148 6.
293 3093 492 3164 Scientiuquee
505 3092 799 3164 docetqur'der'utentis
809 3093 1009 3163 reolie,dicitur
1016 3093 1203 3163 Metopbyeica.
1229 3092 1313 3147 Retio

212 3180 331 3237 nominis
342 3184 419 3252 petet
429 3197 465 3234 ex
475 3178 629 3250 praedictis;
646 3178 743 3251 nequit
753 3179 827 3234 enim
842 3179 989 3233 scientifice
1000 3179 1125 3251 cognosci
1136 3178 1203 3250 quid
1215 3178 1252 3232 sit
1263 3194 1313 3246 res,

211 3267 265 3322 nisi
284 3283 333 3340 per
349 3266 407 3320 eius
425 3265 559 3338 principie
575 3264 728 3335 intrinsece,
740 3264 769 3319 id
787 3269 829 3319 est
846 3265 899 3318 nisi
914 3282 961 3320 ens
977 3265 1048 3319 reule
1066 3264 1207 3338 physicum
1225 3263 1314 3318 consi·

212 3354 320 3408 deretur
335 3351 385 3407 sub
403 3351 539 3405 distinctis
557 3349 732 3422 conceptibus
749 3346 940 3406 exhibentibus
956 3351 1014 3404 eius
1031 3351 1184 3404 realitatem
1202 3350 1251 3404 sub
1271 3350 1314 3404 di-

211 3437 318 3494 stinctis
336 3436 486 3493 rationibus
506 3435 694 3507 unusquam,
707 3452 820 3507 quemm
841 3453 897 3490 une
916 3436 998 3490 sliam
1015 3436 1155 3508 compleat
1191 3435 1232 3490 Hi
1250 3431 1315 3506 con-⁴

213 3527 307 3596 ceptus
327 3523 454 3578 dicuntur
471 3521 649 3592 metaphysici,
661 3520 727 3592 quis
746 3539 781 3576 ex
802 3521 907 3592 unnlysi
924 3520 994 3575 entis
1011 3521 1117 3595 physici
1134 3525 1274 3589 eruuntur,
1287 3526 1316 3576 et

213 3610 278 3679 μετὰ
289 3609 322 3662 τὰ
333 3609 443 3679 φυσικὰ,
455 3607 484 3661 id
496 3611 538 3661 est
554 3607 627 3660 ultre
644 3605 785 3678 physicam
801 3606 961 3676 renlitetem,
973 3607 1187 3679 progrediuntur.
1224 3606 1315 3672 Quem

214 3694 335 3763 scientie,
348 3709 409 3765 quae
421 3692 465 3747 his
481 3691 656 3764 conceptibus
667 3691 784 3746 realibus
799 3691 977 3763 inadequetis
988 3691 1076 3745 utitur
1086 3692 1121 3746 cd
1132 3691 1316 3745 definiendum

214 3785 243 3834 et
260 3778 505 3846 demonstrandum,
517 3782 590 3832 recte
602 3777 676 3831 dicte
691 3782 733 3831 est
750 3767 945 3848 Metcpbyes‘cat
963 3782 1040 3832 tenet
1051 3782 1143 3832 eutem
1161 3777 1190 3831 in
1201 3777 1315 3832 investi-

213 3865 323 3940 gatione
332 3881 422 3918 rerum
433 3863 649 3936 intelligibilium
657 3863 782 3917 eumdem
793 3863 884 3917 locum
896 3880 928 3918 ec
939 3862 1055 3918 chimicc
1065 3862 1095 3916 in
1106 3863 1316 3935 investigatione

213 3970 303 4008 rerum
312 3949 481 4004 sensibilium
489 3968 497 4018 3
515 3954 627 4020 utreque
635 3948 707 4002 enim
717 3965 765 4021 per
773 3948 896 4020 snelysin
906 3948 1079 4002 econstituto
1087 3949 1122 4003 cd
1131 3949 1315 4020 constitutive,

214 4043 242 4093 et
253 4054 301 4110 per
310 4034 451 4108 synthesin
463 4033 669 4090 accustitutivis
681 4033 715 4088 ud
727 4035 875 4088 constitute
886 4034 1014 4107 procedit.
1033 4033 1114 4088 Unde
1126 4036 1316 4107 opperetquod

213 4121 400 4196 metaphysicis
408 4125 449 4175 est
461 4119 574 4175 scientis
579 4118 827 4190 perexcellentium:
847 4124 875 4175 et
883 4138 938 4175 non
949 4119 1003 4173 nisi
1011 4120 1091 4174 stulti
1099 4120 1222 4176 homines
1229 4127 1317 4178 metu

212 4209 353 4283 physicum
365 4212 536 4261 contemnere
548 4223 580 4261 ec
591 4203 711 4260 deridere
723 4209 876 4276 potueruut

248 4292 439 4367 Metephysics
454 4293 542 4349 dividi
558 4291 627 4347 solet
640 4290 670 4344 in
686 4292 834 4361 generales
853 4296 882 4345 et
898 4290 1039 4362 specium,
1056 4294 1136 4362 prout
1152 4289 1266 4364 inquirit
1283 4294 1316 4350 de
