3186 4982
201 401 275 444 von.
291 380 332 464 1.]
521 399 683 444 1555555
700 399 741 443 uu
756 397 976 444 annuorum.
1242 376 1307 440 253

202 563 359 637 Longitudo
370 562 531 620 vibrationis
549 564 662 619 luminis
679 562 762 634 rubri,
779 563 910 618 sumendo
929 561 1120 616 millimetrnm
1131 576 1181 633 pro
1192 559 1307 628 unitate,

202 656 245 705 est
256 650 399 721 0000645,
407 655 435 706 51
445 650 588 723 longitudo
600 650 761 707 vibrationis
771 649 884 704 luminis
895 648 1009 704 violacei
1022 647 1073 702 erit
1085 646 1226 714 0000406,
1236 646 1308 700 5555

204 736 347 792 deducitur
358 736 431 808 quod
443 735 473 790 in
483 754 539 791 uno
550 736 708 791 millimetro
720 734 791 790 fiunt
808 734 914 791 51551155
926 735 996 789 1550
1007 732 1171 790 vibrationes
1185 731 1268 801 rubri,
1281 737 1309 786 et

205 823 276 876 2463
288 822 454 877 vibrationes
465 822 588 877 violaoei.

238 909 303 978 Psy.
317 907 378 962 230.
390 908 435 962 lia
450 908 491 962 18.
510 906 708 980 dependentem
719 908 820 978 corripe
831 905 984 980 dependens

241 992 308 1062 Pap.
323 992 382 1047 232.
397 992 441 1046 lia.
456 992 498 1046 14.
518 991 600 1047 aliam
612 993 712 1063 555555
723 992 800 1048 illam

240 1080 305 1148 Pap.
320 1079 380 1134 233.
393 1079 437 1132 lia.
451 1079 493 1133 27.
512 1095 609 1150 corpus
620 1080 719 1150 corripe
730 1085 793 1152 post
804 1097 900 1152 eorpus

240 1167 306 1236 Pap.
319 1167 379 1220 253.
393 1166 438 1220 lia.
451 1167 476 1221 3.
495 1165 717 1221 Fundamentum
729 1166 828 1236 5555195
840 1165 950 1219 Entites

240 1253 306 1322 Pap.
319 1252 380 1305 254.
393 1252 438 1305 lia.
451 1251 494 1306 21.
513 1256 542 1304 51
554 1251 714 1321 virtualiter,
727 1252 788 1306 dela.

241 1338 306 1407 Pop.
320 1338 380 1392 255.
394 1338 440 1392 lia.
453 1337 479 1391 8.
498 1336 674 1391 terminatum
686 1339 752 1391 adda
762 1337 804 1391 bis
815 1337 860 1392 vel
870 1334 980 1408 pluries,
1041 1366 1044 1370 ·

241 1423 309 1478 1515.
322 1423 365 1477 lira
380 1423 421 1476 19.
440 1422 541 1496 poterit
551 1423 634 1478 511515
645 1423 675 1477 15
687 1427 812 1478 concreto
820 1422 938 1496 spatium
947 1421 1092 1477 relativum
1098 1421 1205 1477 definiri
1213 1421 1309 1477 relatio

206 1507 278 1563 inter
299 1509 377 1582 plura
394 1507 449 1564 551.
469 1509 567 1579 cumbe
584 1508 646 1564 ideo
667 1526 724 1563 5555
745 1508 876 1564 terminos
892 1525 955 1563 eum
970 1507 1150 1581 possibilitate
1167 1513 1258 1564 motus
1274 1509 1310 1566 ad

206 1595 368 1649 alterutrum
379 1599 421 1649 551
433 1611 490 1649 esse
503 1595 663 1649 relationem
673 1595 746 1650 inter
757 1595 803 1649 abi
813 1600 842 1650 et
853 1595 906 1649 uti.

241 1681 307 1751 Pup.
321 1681 381 1736 257.
396 1681 440 1736 lia.
454 1681 479 1735 5.
497 1680 658 1735 relationem
670 1680 760 1753 spatii,
773 1681 875 1751 eorra'qe
885 1679 1046 1734 relationem
1058 1679 1205 1751 distantiae,

242 1767 380 1837 1155260.
394 1767 439 1820 lin.
453 1767 496 1820 12.
514 1767 674 1821 virtualem:
704 1767 804 1837 eorra'ye
824 1766 970 1821 virtualem
993 1766 1115 1839 (propter
1134 1768 1207 1838 quod
1227 1767 1310 1822 etiam

208 1859 343 1926 repugnat
354 1853 469 1908 materia
480 1859 540 1907 5515
551 1852 688 1923 55511555,
700 1870 785 1925 quum
797 1857 873 1908 aetus
886 1853 958 1907 dieat
969 1853 1192 1925 forms-litatem:

243 1942 309 2011 Pap.
324 1940 384 1994 261.
398 1940 442 1994 lin.
456 1940 499 1995 27.
518 1939 650 2010 55515555,
669 1941 716 1996 555
733 1939 857 2012 55155115
868 1938 1022 2008 5551555115,
1035 1939 1064 1996 15
1076 1945 1118 1995 est
1129 1941 1228 2012 5555155
1240 1941 1310 1997 aoei-

208 2027 276 2082 dens
287 2031 427 2100 reoeptum
438 2026 639 2098 insubstantia,
652 2026 699 2081 555
825 2070 827 2076 .

245 2114 312 2184 Paq.
325 2114 385 2167 262.
399 2114 443 2168 lita
457 2113 499 2167 16.
518 2117 626 2185 apertus
637 2113 737 2183 555155
748 2117 871 2185 apertum
996 2155 998 2160 .

246 2201 312 2269 Pup.
326 2199 387 2254 267.
400 2199 445 2252 laia
458 2200 495 2254 30
505 2205 551 2254 515.
594 2200 662 2253 Dela
673 2205 755 2253 totum
772 2198 970 2270 555555ιεί5555,
983 2205 1007 2253 51
1027 2199 1148 2254 5555111555
1165 2201 1241 2270 bano,
1254 2219 1312 2272 quaa

209 2287 340 2357 aequiter:
369 2285 531 2358 Respondeo
552 2286 749 2340 5151551555
770 2285 908 2357 quantitas
927 2286 1075 2340 voluminis
1095 2305 1116 2341 5.
1138 2293 1202 2355 ant„
1217 2305 1312 2342 massae

210 2373 313 2426 555ᾱί51.
324 2372 483 2427 naturaliter
491 2390 511 2425 5.
520 2377 584 2442 ant„
594 2371 833 2444 supernaturaliter
839 2390 864 2425 5.
878 2377 931 2426 ant.
940 2378 964 2425 51
973 2390 1039 2426 eoas.
1069 2372 1117 2427 Ad
1128 2373 1314 2444 probationem

211 2476 232 2512 5.
247 2458 288 2512 Μ.
301 2459 359 2513 diat.
373 2458 436 2513 mia.
449 2457 560 2514 effeetus
571 2457 691 2512 formalis
703 2457 864 2529 quantitatis
876 2458 1024 2512 voluminis
1036 2477 1057 2512 5.
1067 2458 1139 2527 mia,
1152 2459 1313 2530 quantitatis

210 2563 305 2601 massae
318 2564 345 2600 n.
355 2563 418 2599 mm.
428 2549 457 2599 et
468 2545 526 2599 ds'at.
540 2563 606 2600 eoas.
617 2562 672 2598 una
683 2545 822 2616 quantitas
832 2544 980 2600 voluminis
991 2563 1011 2598 5.
1025 2563 1101 2614 eoru,
1110 2563 1166 2600 una
1177 2546 1314 2616 quantitas

210 2650 314 2703 massae,
327 2632 425 2686 saltem
436 2630 674 2704 supernaturaliter
685 2649 711 2686 a.
721 2649 788 2685 5555.
814 2630 853 2684 Et
859 2630 928 2685 ratio
935 2635 984 2699 est,
992 2629 1057 2702 quia
1063 2630 1172 2702 singula
1181 2630 1315 2686 elementa

210 2719 318 2774 nullum
327 2717 428 2773 babent
436 2719 566 2772 volumen
574 2737 582 2786 3
601 2734 665 2790 ergo
672 2717 788 2772 obiectio
796 2717 868 2772 nihil
875 2717 951 2773 valet
957 2723 1049 2773 uonna
1057 2717 1165 2790 singula
1173 2718 1313 2774 elementa.

213 2804 244 2879 Si
261 2810 354 2859 autem
369 2804 476 2876 singula
487 2803 621 2858 elementa
631 2803 794 2873 5115555155,
804 2804 897 2859 eadem
908 2821 997 2857 massa
1007 2803 1118 2858 habebit
1134 2803 1176 2859 bis
1186 2805 1315 2860 volumen

212 2890 345 2944 resultans
366 2907 400 2944 ex
418 2889 556 2963 duplicata
574 2888 729 2944 eorumdem
746 2889 939 2945 elementorum
951 2889 1126 2962 dispositione
1138 2890 1167 2944 15
1179 2890 1315 2946 5151155115

213 2974 419 3030 ubieationibns.
456 2975 495 3030 Et
511 2974 577 3029 lieet
596 2993 650 3029 una
665 2975 764 3031 locatio
780 2976 818 3030 sit
836 2975 878 3030 illi
897 2975 1054 3044 adventitia,
1073 2976 1168 3048 nequit
1186 2976 1314 3032 5151555

212 3077 262 3116 sua
269 3080 277 3130 3
295 3079 360 3116 nam
371 3078 403 3116 eo
415 3061 474 3133 ipso
483 3061 556 3132 qnod
568 3066 610 3115 est
620 3061 718 3116 locatio
731 3078 787 3116 5555
800 3061 967 3130 substantiae,
980 3066 1022 3116 est
1033 3079 1083 3116 sua
1093 3062 1200 3117 1555115.

249 3149 316 3220 Pap.
329 3149 389 3204 274.
403 3148 447 3204 lta
461 3148 504 3217 31,
516 3147 559 3202 32.
578 3147 669 3221 ipsum
680 3149 764 3203 ereari
780 3153 822 3203 551
833 3166 869 3203 ex
885 3166 940 3202 non
953 3165 1011 3204 5555
1023 3147 1106 3204 fluere
1123 3148 1158 3205 ad
1170 3165 1236 3205 esse.
1255 3167 1313 3203 oar-

212 3237 269 3309 n‘pe
280 3253 360 3292 omns
372 3240 493 3292 creatum
504 3235 584 3304 estin
596 3240 673 3290 motu
685 3236 720 3290 ad
731 3236 820 3304 finem.

249 3324 315 3395 Pap.
330 3323 390 3379 275.
403 3322 447 3378 lin.
461 3323 486 3377 4.
506 3321 665 3377 creabilium
677 3322 737 3377 dela.

248 3412 313 3482 Pap.
327 3411 386 3466 283.
400 3411 444 3464 lia
458 3410 500 3478 19,
514 3409 556 3464 20.
574 3407 669 3478 115555,
688 3412 720 3462 51
742 3407 910 3464 ostendimus
930 3409 959 3464 15
979 3413 1095 3463 tractatu
1113 3409 1147 3464 de
1165 3409 1316 3465 substantia

213 3507 340 3570 corporea
351 3514 373 3552 e.
386 3496 441 3550 ΠΙ.
450 3514 477 3550 5.
492 3495 552 3550 109.
566 3495 667 3565 sora-ipa
678 3493 771 3549 lineas.

250 3582 316 3653 Pap.
330 3582 447 3637 283115.
462 3581 503 3636 16.
522 3585 615 3635 autem
633 3581 700 3634 adde
718 3579 755 3653 (si
773 3579 853 3635 detur
869 3579 898 3634 iu
910 3580 1013 3636 mundo
1031 3580 1131 3636 alieubi
1148 3581 1225 3653 quies
1237 3581 1316 3636 abso·

214 3667 286 3740 luta)

251 3751 827 3823 Pa9.292.lin.alt.ineeseaon·iqeinesse

251 3840 317 3910 Puq.
330 3839 391 3893 303.
404 3839 448 3894 lia.
461 3839 556 3894 21-23.
569 3838 740 3908 intrinsecae:
759 3855 840 3910 quare
853 3877 859 3893 .
873 3879 880 3894 .
894 3877 900 3892 .
915 3876 921 3892 .
934 3837 1317 3910 55551555115555551515-

217 3942 294 3980 55555.
331 3923 515 3995 1155555555,

252 4012 318 4082 Pap.
331 4011 392 4065 305.
405 4010 451 4064 lia
464 4009 559 4064 22-26.
578 4010 608 4064 15
617 4009 720 4081 speeie:
739 4010 793 4065 etsi
801 4009 874 4066 enim
887 4049 894 4065 .
908 4048 915 4064 .
930 4049 936 4064 .
950 4049 957 4065 .
970 4015 1100 4082 spectato.
1121 4010 1318 4080 Nihilominus,

217 4098 318 4168 5555155
335 4096 365 4150 15
376 4094 472 4169 specie.
509 4095 704 4165 Nihilominus,
988 4109 991 4112 ·

253 4184 319 4254 Pup.
332 4183 392 4237 307.
406 4182 451 4237 lia.
465 4182 541 4236 1-18.
562 4182 616 4235 dele
628 4187 718 4252 totum,
730 4189 755 4236 et
765 4183 887 4237 5555511155
895 4188 975 4254 prout
987 4182 1120 4254 sequitur.-
1146 4182 1319 4255 Respondeo,

216 4276 322 4327 motum
333 4271 363 4325 iu
374 4268 560 4324 materialibus
570 4286 648 4341 posse
662 4254 805 4341 dupliciter
811 4270 882 4324 sumi
892 4285 898 4322 ε
917 4269 1003 4341 primo
1015 4287 1063 4340 pro
1076 4275 1146 4339 actu,
1157 4287 1211 4342 quo
1220 4270 1320 4325 mobile

221 4357 383 4412 immutatur
394 4355 423 4410 15
434 4371 485 4409 sua
495 4353 696 4427 potentialitate
714 4355 852 4409 intrinseca
870 4355 1023 4427 recipiendo
1034 4355 1070 4409 in
1087 4355 1145 4427 ipsa
1156 4356 1319 4412 determina·
