3212 4986
783 425 824 466 Dp
842 423 915 468 ΜΟ,
1253 393 1339 478 [CAP.
1357 409 1396 451 11.

631 637 634 642 ’
745 679 884 744 orror
907 678 953 744 11.

447 869 497 924 DE
516 869 591 924 ΠΕΟ
608 869 659 925 UT
677 869 801 924 FONTE
820 856 977 924 OMNIUM
995 865 1248 922 POSSIBILIUM.

341 1022 392 1084 44.
417 1018 528 1084 Omnis
544 1020 655 1084 entitas
669 1020 825 1107 possibilia
844 1021 976 1105 pertinet
991 1018 1038 1084 vel
1052 1017 1092 1082 ed
1107 1016 1243 1082 ordinem
1260 1013 1398 1092 idealem,

298 1130 345 1194 vel
368 1131 407 1195 ad
435 1132 573 1196 ordinem
604 1133 759 1213 moralem,
782 1132 830 1197 vel
858 1132 898 1197 ad
928 1131 1065 1197 ordinem
1091 1129 1201 1193 realem
1226 1126 1398 1212 physicum.

298 1242 389 1306 Addo
405 1246 570 1328 physicam,
593 1245 664 1329 qnia
693 1243 932 1308 iuxtamodum
962 1242 1107 1328 loquendi
1132 1238 1341 1304 rationabilem
1367 1246 1399 1301 et

297 1362 453 1438 receptum
478 1356 552 1420 ordo
577 1356 683 1420 ideolis
709 1365 740 1419 et
766 1355 840 1422 ordo
866 1354 989 1418 moralis
1018 1353 1133 1417 habent
1163 1361 1194 1415 et
1222 1351 1281 1436 ipsi
1311 1371 1398 1413 suam

297 1463 475 1530 obiectivam
485 1467 665 1546 realitatem,
678 1489 774 1552 quum
791 1466 912 1530 realitas
926 1474 956 1528 et
972 1487 1027 1528 ens
1042 1471 1203 1527 sumantur
1214 1485 1269 1546 pro
1282 1460 1398 1524 eodem.

297 1575 409 1641 Tribus
428 1578 531 1663 itaque
553 1578 688 1642 articulis
707 1579 850 1643 distincte
871 1577 1060 1662 inquiremus
1080 1574 1232 1661 quomodo
1255 1574 1399 1638 entitates

297 1709 403 1752 omnes
418 1690 576 1774 possibiles
591 1690 623 1752 in
638 1689 743 1754 ordine
759 1689 820 1753 sive
835 1689 935 1768 ideali,
951 1689 1013 1752 sive
1029 1687 1144 1766 morali,
1157 1686 1218 1751 sive
1235 1685 1305 1749 reali
1321 1684 1399 1770 phy-

297 1797 359 1862 sico
378 1799 411 1862 in
425 1798 493 1864 Deo
508 1800 741 1865 contineantur:
765 1801 903 1886 quamvis
921 1800 1004 1864 enim
1027 1799 1145 1863 soleant
1160 1806 1298 1862 auctores
1318 1819 1400 1882 quae·

298 1908 427 1973 stionem
444 1910 482 1975 de
493 1911 693 1996 possibilitate
705 1935 805 1977 rerum
817 1912 848 1976 in
863 1911 1029 1996 Ontologia
1040 1911 1209 1989 instituere,
1221 1910 1318 1993 magis
1330 1930 1399 1993 pro·

295 2020 361 2105 prie
373 2030 474 2088 tamen
490 2023 529 2088 ad
544 2021 729 2108 theologiam
745 2024 914 2088 naturalem
930 2023 1063 2109 pertinet
1078 2022 1214 2088 eamdem
1231 2021 1389 2084 resolvere.

680 2310 863 2360 Alimentus
879 2315 1015 2376 ruimus·

559 2464 642 2526 Deua
657 2463 781 2548 eatsoaa
794 2415 1011 2535 totiuaiordiaia
1025 2461 1137 2524 inteolis.

341 2603 394 2665 45.
418 2599 503 2666 Ordo
518 2598 624 2665 idea-lis
639 2598 851 2683 complectitur
865 2620 955 2662 omne
977 2597 1180 2682 intelligibile,
1195 2603 1287 2682 prout
1309 2595 1399 2659 intel·

296 2713 390 2777 lectui
405 2711 519 2798 subest.
574 2708 663 2774 Circa
677 2709 761 2774 hunc
776 2718 878 2775 autem
893 2708 1032 2774 ordinem
1047 2709 1107 2774 tria
1121 2707 1237 2773 attendi
1253 2715 1399 2793 possunt:

296 2824 395 2907 primo
420 2823 605 2908 principium
629 2821 721 2907 quod,
741 2844 795 2886 seu
813 2830 976 2901 remotum,
992 2830 1100 2884 tenens
1125 2819 1225 2884 locum
1247 2819 1399 2883 materiae:

296 2932 429 2998 secundo
451 2933 636 3018 principium
657 2955 728 3017 quo,
744 2955 799 2996 seu
820 2933 1002 3018 proximum,
1021 2938 1130 2996 tenens
1151 2931 1253 2995 locum
1275 2931 1399 2994 formae:

296 3043 386 3109 tertio
402 3043 486 3129 quod
499 3042 628 3107 resultat
643 3065 679 3108 ex
693 3043 742 3107 hia
757 3043 925 3126 principiis,
942 3063 997 3106 seu
1011 3042 1077 3126 ipse
1093 3041 1167 3105 ordo
1182 3041 1298 3106 idealis.

301 3203 304 3210 -
340 3154 529 3241 Principium
538 3154 816 3219 remotumordinis
825 3154 930 3218 idealis
940 3162 986 3218 est
996 3154 1106 3218 veritas
1115 3153 1261 3218 obiectiva
1270 3153 1400 3237 infinita,

296 3267 424 3352 ideoque
446 3266 565 3331 infinite
580 3266 791 3352 intelligibilis,
806 3277 837 3330 et
857 3267 1012 3331 infinitum
1024 3258 1186 3351 ¹enemplnr
1204 3266 1400 3349 ccernplcbilc,

297 3379 425 3442 infinitis
441 3378 540 3442 modis
554 3377 712 3444 imitabilis
728 3401 781 3442 seu
801 3378 1019 3463 participabilis
1034 3388 1117 3442 extra
1133 3401 1185 3442 se:
1209 3400 1277 3461 quae
1291 3375 1401 3441 ‘veritas

296 3488 444 3554 obiective
465 3497 510 3552 est
531 3489 596 3573 ipsa
618 3489 718 3553 divina
733 3489 865 3553 essentia
886 3499 921 3553 ut
943 3489 1017 3553 dicit
1031 3511 1137 3553 verum
1157 3489 1400 3574 metaphysicum

296 3601 470 3666 absolutum
486 3608 517 3663 et
532 3600 697 3664 infinitum.
742 3600 784 3664 Et
795 3608 880 3685 patet
889 3626 899 3677 3
923 3623 993 3664 nam
1009 3623 1063 3664 ens
1079 3609 1109 3664 et
1119 3623 1223 3666 rerum
1240 3600 1400 3686 metaphy-

298 3712 394 3776 sicum
409 3720 641 3790 convertuntur,
657 3721 688 3775 et
703 3711 789 3775 Deus
805 3734 898 3796 quum
916 3711 955 3775 sit
971 3711 1105 3795 primum
1121 3721 1151 3775 et
1164 3711 1319 3776 infinitum
1335 3735 1400 3790 ens,

297 3833 343 3887 et
365 3825 457 3887 etiam
479 3823 614 3907 primum
635 3831 666 3886 et
683 3822 840 3886 infinitum
856 3845 960 3886 verum
983 3822 1196 3906 cognoscibile,
1212 3833 1243 3886 et
1265 3824 1402 3887 continet

297 3935 330 3998 in
353 3957 385 3998 se
406 3957 529 3999 omnem
554 3933 701 3998 rationem
717 3933 778 3998 veri
799 3933 1026 4018 cuiuscumque.
1040 3935 1262 4018 cognoscibilis.
1309 3933 1402 4011 Quod

298 4054 401 4109 autem
416 4068 519 4110 verum
542 4044 724 4108 obiectivum
741 4045 781 4108 sit
796 4044 893 4108 solum
916 4044 1100 4130 principium
1116 4056 1268 4110 remotum
1287 4047 1401 4111 ordinis

298 4156 403 4221 idealis
418 4165 542 4241 apparet
558 4179 644 4220 exeo
660 4156 741 4241 quod
756 4179 861 4220 verum
877 4155 1060 4221 obiectivum
1081 4157 1232 4241 significet
1247 4181 1351 4222 verum
1367 4168 1402 4222 nt

296 4278 368 4334 actu
384 4268 587 4351 cognoscibile
602 4272 734 4346 tantum,
752 4291 805 4331 seu
820 4276 856 4330 ut
871 4267 903 4330 in
918 4268 1056 4351 potentia
1070 4268 1109 4332 ad
1130 4291 1196 4332 esse
1210 4278 1281 4333 actu
1297 4269 1402 4352 cogni·

286 4391 383 4444 atum:
406 4379 489 4444 unde
500 4377 592 4443 habet
608 4401 639 4442 se
656 4388 690 4443 ut
704 4379 820 4463 aliquid
835 4379 867 4442 in
883 4379 1020 4463 potentia
1034 4379 1075 4442 ad
1089 4379 1252 4445 essendum
1264 4381 1297 4444 in
1312 4380 1387 4444 idea.
