3212 4986
215 362 284 405 cnr.
302 341 358 426 11.]
704 364 746 406 nn
763 365 837 408 nno.
1279 348 1322 412 37

260 527 450 612 Principium
465 527 638 613 proximum
660 529 775 594 ordinis
790 529 896 593 idealis
911 539 957 594 est
977 530 1105 594 actualia
1119 531 1254 616 cognitio
1271 531 1327 602 ins

216 640 313 719 finita,
329 640 588 724 comprehensiva,
605 640 776 724 exprimens
797 641 1026 705 distinctissime
1041 642 1125 706 illam
1140 641 1319 708 obiectivam

217 752 386 829 veritatem,
399 774 490 836 quam
506 752 578 816 facit
593 751 757 835 cognitam,
771 753 939 818 secundum
954 762 1050 817 totam
1066 777 1151 818 suam
1167 755 1319 819 infinitam

217 864 510 948 cognoscibilitatem
523 872 554 928 et
569 864 736 928 secundum
749 874 845 929 totam
855 865 1091 930 imitabilitatem
1102 877 1194 952 quam
1208 867 1320 932 babere

130 970 141 992 ‘
218 985 318 1064 potest
330 977 369 1040 ad
378 993 471 1040 extra.
504 976 579 1040 Haec
591 1000 710 1040 summa
722 978 856 1060 cognitio
865 987 911 1042 est
920 978 1056 1042 Verbum
1068 977 1116 1042 vel
1127 978 1200 1042 Idea
1209 979 1319 1056 Patris,

218 1097 362 1172 utsupra
382 1087 613 1172 explicavimus:
640 1097 671 1151 et
686 1110 740 1172 per
759 1088 839 1152 banc
859 1088 1138 1173 Ideamexemplar
1151 1089 1229 1154 illud
1250 1089 1320 1154 infi-
1375 1103 1377 1108 '

218 1201 318 1266 nitum
334 1200 370 1263 fit
385 1199 504 1262 infinite
520 1207 550 1262 et
565 1199 685 1263 realiter
700 1201 902 1283 ecemplatum,
919 1223 1014 1285 quum
1030 1199 1167 1264 Verbum
1182 1200 1320 1265 divinum

220 1310 259 1374 sit
284 1333 352 1374 vera
377 1310 479 1393 imago
509 1309 680 1375 subsistens
713 1309 822 1388 Patris,
849 1310 953 1396 illique
983 1311 1260 1392 consubstantialis,
1286 1333 1321 1376 ae

219 1422 318 1506 prima
332 1421 471 1484 absolute
486 1421 560 1484 Idea
574 1430 666 1506 atque
681 1420 819 1485 absolute
833 1423 979 1507 perfecta.

263 1533 349 1598 Ordo
364 1532 478 1610 idealis,
495 1533 549 1616 qni
564 1555 601 1596 ex
615 1532 663 1596 his
678 1533 836 1617 principiis
856 1533 995 1612 resultat,
1010 1533 1087 1597 nihil
1102 1533 1187 1598 aliud
1200 1534 1321 1598 est'nisi

220 1645 341 1709 infinita
362 1643 530 1708 multitudo
553 1644 753 1708 terminorum
771 1645 946 1710 virtualium
973 1645 1004 1709 in
1029 1646 1149 1709 infinita
1169 1645 1223 1709 illa
1248 1645 1323 1710 Idea

220 1757 390 1821 eminenter
411 1764 635 1833 contentorum,
653 1778 706 1819 seu
721 1755 834 1839 quibus
852 1756 995 1821 omnibus
1009 1757 1100 1821 unica
1113 1756 1166 1820 illa
1186 1756 1261 1822 Idea
1281 1758 1322 1822 ob

221 1892 308 1933 suam
337 1867 554 1952 perfectionem
579 1867 701 1931 realiter
730 1868 899 1932 eminenter
924 1868 1092 1952 aequivalet.
1138 1869 1213 1933 Idea
1240 1870 1323 1933 enim

221 1981 323 2045 divina
351 1981 450 2059 unica,
482 1979 556 2044 dum
586 1988 782 2063 repraesentat
807 1988 838 2043 et
867 1981 1008 2066 exprimit
1034 1981 1188 2046 infinitam
1210 1983 1323 2047 intelli·

222 2093 413 2177 gibilitatem,
438 2098 633 2175 repraesentat
653 2098 684 2154 et
710 2090 852 2174 exprimit
878 2091 1078 2155 eminentiore
1105 2093 1195 2156 modo
1217 2116 1324 2158 omnes

221 2203 380 2289 possibiles
403 2202 469 2266 eius
490 2201 750 2286 intelligibilitatis
775 2201 1033 2286 participationes,
1052 2213 1082 2267 et
1105 2214 1324 2289 consequenter

222 2315 325 2379 omnia
348 2337 417 2379 vera
439 2313 653 2396 intelligibilia.
700 2313 776 2376 Haec
798 2322 901 2376 autem
920 2336 988 2377 vera
1011 2322 1046 2377 nt
1069 2314 1111 2378 sic
1134 2336 1272 2399 expressa
1294 2325 1325 2380 et

222 2433 436 2512 repraesentata
462 2425 631 2488 eminenter
652 2425 685 2488 in
700 2423 802 2488 Verbo
822 2424 936 2502 divino,
952 2424 1102 2490 dicuntur·
1119 2428 1188 2490 idcoe
1211 2428 1324 2492 durinc.

225 2539 329 2615 Quum
348 2559 424 2621 ergo
436 2537 468 2600 in
491 2536 597 2600 ordine
612 2535 702 2600 ideali
720 2535 798 2600 nibil
816 2558 881 2600 esse
903 2537 1007 2621 possit,
1024 2536 1062 2600 de
1084 2560 1145 2622 quo
1159 2537 1246 2602 Deus
1261 2562 1324 2603 non

223 2650 334 2715 habeat
354 2649 464 2728 ideam,
479 2655 565 2732 patet
588 2647 727 2711 ordinem
749 2647 876 2711 idealem
899 2655 1000 2712 totum
1023 2648 1171 2712 contineri
1193 2650 1225 2713 in
1248 2649 1326 2715 ideis

224 2763 343 2840 divinis,
360 2761 392 2824 in
408 2769 557 2845 quantum
574 2759 688 2823 scilicet
705 2758 796 2823 unica
812 2758 885 2822 Idea
899 2759 964 2823 eius
979 2759 1099 2824 infinita
1113 2769 1160 2824 est
1174 2770 1260 2826 actus
1277 2786 1325 2826 re·

223 2871 454 2958 praesentativus
480 2871 618 2934 omnium
645 2869 807 2934 veritatum
832 2869 1084 2952 cognoscibilium
1109 2893 1185 2936 cum
1206 2893 1325 2938 summa

225 2982 411 3070 perfectione
425 2990 456 3045 et
471 2981 675 3045 distinctione.

268 3097 321 3160 dd
344 3095 453 3172 Actus,
477 3116 538 3178 quo
566 3092 653 3157 Deus
677 3092 832 3176 cognoscit
862 3092 1142 3178 intelligibilitatem
1172 3120 1263 3162 suam
1288 3108 1325 3164 ut

226 3208 395 3273 eminenter
417 3206 624 3269 continentem
643 3226 748 3268 omnes
771 3227 872 3268 rerum
895 3205 1105 3288 cogitabilium
1126 3207 1327 3293 intelligibili-

227 3329 315 3399 tates,
328 3318 382 3403 qui
393 3326 478 3381 actus
490 3326 658 3401 propterea,
670 3325 706 3379 ut
722 3315 839 3380 dictum
854 3323 910 3393 eat,
923 3316 1083 3399 aequivalet
1097 3317 1226 3383 infinitis
1240 3319 1326 3397 ideis,

228 3431 340 3496 dicitur
356 3430 488 3494 Scientia
501 3427 641 3510 simplicis
654 3427 862 3509 intelligentie.
908 3424 1010 3502 Quare
1026 3427 1152 3510 scientia
1165 3429 1230 3494 haec
1246 3452 1326 3494 com-

228 3542 372 3628 plectitur
387 3549 489 3604 totum
510 3538 649 3602 ordinem
665 3537 803 3617 idealem,
819 3537 913 3601 idest
935 3538 1038 3602 omnia
1048 3561 1117 3603 vera
1131 3540 1279 3606 obiectiva
1292 3551 1328 3608 ut

228 3655 322 3720 relata
337 3653 376 3717 ad
390 3650 591 3717 intellectum.
1330 3652 1334 3659 '

181 3823 183 3828 .
273 3765 406 3830 Scientia
422 3763 568 3847 simplicis
584 3760 795 3845 intelligentiae
810 3769 856 3825 est
871 3761 1013 3825 absolute
1024 3763 1233 3843 immutabilis,
1250 3765 1328 3830 sicut

228 3886 259 3942 et
273 3877 337 3962 ipse
352 3875 427 3939 ordo
442 3873 557 3952 idealis,
570 3873 623 3958 qui
638 3882 684 3936 est
698 3871 899 3936 immutabilis
915 3873 993 3936 sicut
1008 3873 1073 3957 ipse
1088 3874 1183 3938 Deus.
1237 3876 1327 3940 Patet

229 3991 312 4054 enim
322 3988 405 4075 quod
419 3986 495 4052 ordo
508 3985 613 4049 idealis
622 4007 685 4048 non
701 3993 801 4069 potest
813 3985 926 4048 mutari
941 3985 1000 4048 nisi
1010 3986 1055 4049 vel
1072 3996 1208 4051 mutetur
1219 3989 1329 4054 veritas

230 4100 377 4165 obiectiva
388 4098 509 4162 infinita
520 4119 588 4182 quae
599 4108 645 4160 est
659 4097 691 4159 in
701 4095 779 4174 Dec,
790 4096 835 4160 vel
851 4103 988 4160 mutetur
999 4098 1133 4180 cognitio
1143 4122 1235 4183 quam
1244 4101 1331 4165 Dens

231 4211 324 4276 habet
345 4211 382 4274 de
402 4211 460 4274 hac
484 4210 619 4285 veritate,
634 4208 667 4271 id
689 4217 736 4270 est
754 4208 815 4270 nisi
834 4217 972 4271 mutetur
998 4231 1093 4273 unum
1118 4233 1153 4274 ex
1174 4213 1332 4298 principiis

231 4324 343 4410 quibus
367 4320 573 4386 constituitur.
620 4319 732 4399 Quare,
749 4341 843 4404 quum
863 4319 926 4384 baec
947 4320 1008 4384 sint
1027 4320 1165 4386 absolute
1187 4323 1333 4388 immuta*
