3212 4986
287 369 327 432 18
773 389 815 432 nu
832 389 906 432 ιιιιο.
1256 367 1343 451 [ιιι.
1362 387 1385 430 ι.

287 553 486 640 precedente.
530 556 627 642 Atqui
647 557 739 622 series
753 557 885 636 infinita,
899 557 990 620 etiam
1013 577 1048 620 ex
1065 555 1097 619 S.
1113 554 1239 634 Thomu,
1255 575 1318 617 nou
1340 575 1386 617 re·

286 673 415 751 pugnat.
460 665 553 752 Ergo.

331 777 513 863 Respondeo
535 801 564 842 ιι.
582 779 788 844 Maternus
810 779 968 843 rationem.
1014 777 1095 840 Nam
1111 775 1202 854 entia,
1218 797 1254 839 ex
1276 774 1387 859 quibus

287 888 423 955 mundus
439 897 568 969 constet,
581 899 655 954 sunt
671 889 857 969 substantiae,
869 898 899 953 et
914 887 1035 952 nullum
1051 910 1105 951 eus
1119 887 1301 970 contingens
1316 906 1388 948 con·

286 1000 365 1065 tinet
380 1001 412 1066 in
436 1025 467 1066 se
482 1003 626 1067 virtutem
648 1003 857 1088 productivum
881 1001 1078 1078 substantiae;
1102 1021 1175 1083 crgo
1189 998 1309 1062 nullum
1333 1020 1387 1060 ens

287 1113 469 1198 contingens
484 1113 610 1178 haberet
631 1115 781 1178 rationem
798 1115 845 1177 sui
860 1135 925 1177 esse
948 1114 980 1176 in
995 1112 1054 1176 alio
1069 1111 1266 1195 praecedcute.
1313 1109 1388 1172 Haec

287 1225 442 1309 responsio
452 1233 548 1288 totam
563 1226 761 1309 quaestionem
778 1225 816 1289 dc
832 1224 966 1289 seriebus
980 1222 1109 1286 infinitis
1124 1221 1263 1285 inutilem
1278 1220 1387 1298 reddit,

286 1341 318 1398 et
332 1333 440 1400 falsam
455 1337 618 1420 impiorum
631 1337 870 1421 suppositionem
886 1334 1004 1399 evertit.
1050 1332 1142 1410 Quod
1156 1342 1259 1397 autem
1267 1332 1387 1395 nullum

287 1465 342 1508 ens
365 1445 547 1530 contingens
569 1446 681 1512 habeat
703 1447 848 1512 virtutem
872 1445 1081 1531 productivum
1104 1444 1291 1523 substantiae,
1309 1445 1388 1506 infra

288 1555 466 1620 ostendetur
497 1557 548 1639 (dc
577 1557 693 1621 mundo
722 1579 753 1622 n.
770 1559 822 1635 39,
846 1558 914 1639 40),
937 1555 991 1620 ubi
1020 1554 1216 1640 probabimus
1244 1555 1387 1618 virtutem

290 1665 413 1730 creandi
433 1667 489 1731 soli
507 1667 575 1731 Deo
597 1668 767 1732 convenire.
813 1669 879 1732 Nec
901 1669 984 1732 iuvat
1006 1689 1157 1731 recurrere
1174 1667 1213 1730 ad
1231 1667 1387 1730 materiem

287 1777 520 1862 improductam,
537 1777 609 1862 quia
626 1778 718 1843 etiem
738 1780 803 1844 hoec
826 1779 995 1863 suppositio
1010 1787 1056 1842 est
1079 1777 1239 1841 manifeste
1253 1777 1338 1854 falsa,
1354 1786 1389 1840 ut

287 1888 367 1952 infre
388 1889 567 1974 probabitur
583 1890 633 1972 (de
648 1890 764 1954 mundo
786 1913 819 1956 ιι.
834 1893 902 1974 33).
948 1889 1099 1954 Caeterum
1119 1897 1228 1971 praeter
1248 1889 1388 1952 substan-

287 1998 361 2060 tiam
377 1999 564 2062 materialem
587 2000 722 2064 existunt
740 2000 920 2064 substantiae
942 1999 1125 2085 spiritualer,
1141 2021 1209 2083 quae
1224 1998 1389 2062 certissime

287 2130 343 2173 nec
366 2121 438 2174 sunt
461 2110 670 2196 improductae,
687 2133 742 2176 nec
766 2110 927 2195 abaliquo
949 2119 1019 2175 ente
1042 2111 1240 2194 contingente
1261 2109 1389 2195 produci

287 2231 433 2304 possunt:
457 2237 488 2286 et
511 2223 585 2287 tales
610 2231 683 2287 sunt
707 2223 815 2287 animae
837 2223 988 2300 humanae,
1004 2231 1040 2285 ut
1064 2221 1179 2286 dictum
1201 2231 1248 2285 est
1270 2221 1389 2304 agendo

287 2333 324 2396 de
346 2333 470 2398 homine
496 2336 539 2418 (n.
556 2337 631 2416 85):
661 2344 692 2399 et
718 2335 775 2399 hoc
798 2335 946 2398 sufficeret
970 2334 1008 2398 ad
1031 2341 1128 2397 totam
1150 2334 1387 2398 adversariorum

287 2444 458 2508 machinam
474 2446 677 2510 evertendam.
880 2514 882 2520 ,

329 2555 413 2620 Alias
429 2555 613 2621 obiectiones
628 2557 753 2621 minoris
769 2557 917 2621 momenti
932 2557 999 2622 vide
1014 2557 1096 2641 opud
1111 2566 1258 2622 auctores.

647 2893 832 2937 Amoenus
848 2892 1028 2936 SECUNDUS.

628 3063 676 3126 De
690 3067 813 3129 antiteta
827 3067 888 3128 Dei
902 3065 1044 3129 absoluta.

330 3215 380 3279 18.
404 3214 490 3280 Deus
505 3216 538 3280 iu
557 3240 588 3281 se
603 3217 741 3282 absolute
763 3228 794 3284 et
809 3221 977 3284 secundum
999 3219 1163 3285 essentiam
1179 3223 1387 3288 consideratus

284 3335 330 3389 est
350 3327 417 3390 Ena
438 3351 457 3390 a
482 3349 523 3407 ae,
551 3351 604 3392 seu
629 3328 746 3394 hebens
769 3331 802 3393 iu
829 3331 929 3415 seipso
946 3331 1096 3395 rationem
1124 3355 1186 3398 suae
1210 3335 1386 3400 existentiae.

284 3435 365 3501 Nam
381 3438 444 3502 hacc
459 3441 544 3503 notio
555 3443 630 3504 cotie
644 3464 663 3504 a
677 3464 708 3505 se
722 3442 853 3506 includit
868 3443 1019 3526 quidquid
1035 3444 1073 3507 de
1088 3452 1198 3508 natura
1208 3445 1387 3510 Divinitatis

282 3549 409 3632 cogitari
432 3558 543 3634 potest,
568 3560 598 3616 et
625 3552 681 3616 soli
701 3552 864 3617 Divinitati
887 3555 1052 3638 competit:
1073 3563 1114 3618 vet
1137 3554 1205 3619 ideo
1230 3557 1387 3640 perhanc

282 3649 438 3724 notionem
461 3660 559 3745 ipsam
578 3662 638 3726 Dei
660 3665 823 3738 essentiam
846 3663 1036 3748 attingimus,
1058 3673 1088 3728 et
1107 3664 1209 3730 Deum
1232 3667 1270 3732 ab
1290 3671 1384 3750 omni,

282 3769 365 3852 quod
381 3792 444 3834 uon
459 3779 504 3834 est
515 3771 612 3850 Deus,
623 3774 818 3837 secernimus.
847 3773 938 3849 Quod
951 3774 1025 3838 dum
1041 3775 1179 3855 facimus,
1192 3799 1385 3863 nequaquam

282 3881 499 3945 constituimus
513 3882 616 3946 Deum
637 3883 694 3947 rub
716 3905 827 3966 genere
842 3886 924 3947 entia
935 3885 1044 3968 (quum
1059 3908 1114 3949 ens
1129 3909 1191 3950 non
1207 3889 1247 3952 sit
1261 3892 1383 3973 genus),

281 4013 338 4055 nec
360 3991 417 4056 sub
438 3991 607 4057 differentia
621 4017 640 4056 u
654 4015 703 4058 ae:
727 3994 780 4057 sed
797 3993 953 4078 loquimur
974 3995 1053 4060 sicut
1072 4005 1183 4062 natura
1200 4008 1306 4064 nostra
1323 4002 1385 4065 exi-

281 4103 337 4186 git,
353 4125 421 4186 quae
435 4125 496 4167 non
512 4104 599 4167 aliter
621 4127 676 4167 nos
691 4105 775 4188 loqui
790 4105 887 4168 docet.
933 4105 1038 4182 Quum
1054 4108 1136 4171 enim
1150 4131 1212 4173 uon
1228 4110 1384 4177 videamus

280 4212 383 4276 Deum
400 4213 481 4276 utin
497 4237 529 4277 se
544 4222 600 4293 eat,
614 4215 667 4278 sed
681 4236 717 4278 ex
731 4213 823 4278 rebus
837 4214 932 4279 finitis
947 4216 1071 4280 adeum
1088 4217 1267 4284 abstractive
1283 4243 1383 4285 assur-

281 4346 399 4406 gamus,
416 4346 464 4388 res
486 4332 586 4388 autern
602 4326 696 4389 finitae
719 4325 781 4389 sint
802 4327 884 4390 entia
906 4325 1046 4406 limitata,
1063 4352 1201 4395 seucum
1222 4334 1384 4416 negatione
