3186 4982
261 371 327 434 300
635 387 740 432 rapax
755 385 994 432 osroroarcns.
1208 361 1296 446 [ear.
1312 377 1368 421 111.

260 569 286 625 q.
302 553 360 608 115.
374 571 398 609 a.
414 553 452 624 1.)
463 573 470 609 ι
499 553 599 625 Capua
610 555 666 624 aad
676 555 815 610 madum
827 551 896 624 qaod
906 558 942 606 eat
959 552 989 606 ιιι
1000 557 1074 606 aaa:
1100 554 1128 606 et
1139 547 1206 604 alibi
1218 544 1370 620 generalius

262 641 317 712 (De
330 644 392 695 ente
405 646 433 694 et
442 639 587 696 emendae
597 641 654 713 1.):
674 640 755 695 Nulla
762 658 803 694 rea
809 640 922 710 propria
931 637 1078 693 destituitur
1086 635 1247 707 opaatbm:
1265 638 1294 688 et
1302 630 1370 687 alibi

261 726 363 800 passim
380 726 459 782 docet
475 727 548 798 quod
565 744 599 782 ax
616 733 713 782 natura
731 725 894 800 operationis
913 725 1086 798 pervenimus
1103 723 1139 777 ad
1154 717 1371 794 cognoscean

262 817 387 868 naturam
402 812 442 867 rei
463 819 492 866 et
512 814 672 869 essentiam:
700 813 773 886 qnod
788 818 858 868 esset
873 811 1047 885 impossibile,
1059 811 1083 865 si
1095 810 1138 864 vis
1149 807 1288 881 operativa
1299 809 1372 860 esset

262 905 340 956 extra
349 898 494 954 essentiam
505 899 552 955 rei
589 899 714 972 Denique
726 900 814 954 omnis
826 904 947 954 creatura
959 902 1001 952 eet
1012 901 1122 970 propter
1128 895 1210 950 finem
1222 898 1250 948 et
1261 892 1371 947 ordina-

262 992 308 1042 tur
327 985 506 1040 essentialiter
524 987 559 1040 ad
577 986 802 1041 manifestandam
819 984 941 1040 divinam
959 984 1089 1052 gloriam:
1108 981 1187 1054 atqui
1198 979 1370 1034 manifestare

263 1077 306 1128 est
317 1089 411 1144 agere5
430 1089 493 1144 ergo
503 1072 591 1126 omnis
603 1078 724 1128 creatura
735 1071 916 1127 essentialiter
927 1067 1289 1144 estpropteroperationem3
1307 1081 1372 1136 ergo

264 1159 295 1214 in
307 1159 395 1232 seipsa
405 1159 505 1214 habere
517 1159 599 1214 debet
616 1157 794 1214 activitstem.
831 1158 863 1213 Si
881 1163 973 1213 autem
991 1156 1117 1212 nativitas
1134 1154 1243 1211 deberet
1259 1151 1324 1225 poni
1342 1150 1371 1204 in

265 1251 389 1302 creatura
399 1264 448 1319 per
459 1246 563 1318 aliquid
575 1245 777 1318 superadditum
788 1245 863 1300 illius
881 1244 1039 1300 substantiae
1053 1242 1139 1315 (quod
1150 1240 1303 1297 videbimus
1314 1242 1371 1292 sta·

264 1334 318 1388 tim
328 1351 383 1388 non
394 1350 472 1406 posse
484 1332 519 1387 ob
531 1333 599 1387 alias
611 1332 729 1388 rationes
744 1331 877 1403 admitti),
891 1336 1047 1403 sequeretur
1063 1329 1243 1384 substantiam
1254 1331 1373 1381 creatam

265 1437 320 1475 non
331 1420 365 1474 de
375 1435 411 1487 sa,
422 1418 470 1473 sed
476 1436 528 1489 per
539 1419 655 1473 aaaidm
665 1419 777 1473 tendere
789 1419 824 1472 ad
835 1419 932 1473 finem:
951 1417 1024 1489 quod
1032 1423 1073 1472 est
1080 1416 1233 1471 absurdum
1259 1413 1334 1484 Ergo
1343 1411 1374 1466 in
1409 1445 1413 1451 ·

265 1505 326 1580 ipsa
339 1505 490 1561 substantie
501 1523 586 1578 perse
599 1511 641 1560 est
651 1505 814 1580 principium
827 1505 975 1561 activitatis
989 1505 1023 1578 (Ι.
1037 1523 1063 1559 ιι.
1076 1507 1093 1558 5
1105 1505 1134 1557 in
1146 1503 1232 1574 nota).

302 1592 344 1646 65.
364 1592 521 1646 Docuerrmt
538 1591 693 1646 scholastici
708 1592 775 1647 satis
788 1592 976 1660 communiter,
989 1597 1020 1645 nt
1037 1591 1123 1659 innui,
1136 1590 1267 1645 virtutem
1278 1603 1373 1660 opera·

266 1679 354 1735 tivam
366 1695 422 1732 esse
434 1676 558 1732 accidens
570 1695 736 1750 consequens
746 1678 871 1751 speciem
908 1678 940 1732 Si
960 1683 1056 1750 agatur
1082 1678 1115 1732 de
1132 1678 1236 1732 virtute
1248 1676 1307 1748 ipsa
1317 1673 1375 1747 pri·

267 1765 365 1821 mitiva
377 1763 547 1833 substantie,
559 1765 611 1820 hoo
624 1771 666 1818 est
677 1782 784 1838 prorsus
796 1757 971 1838 impossibile.
1008 1763 1082 1819 Nam
1093 1781 1177 1836 quum
1189 1762 1313 1817 accidens
1319 1777 1376 1814 ιιοιι

267 1850 367 1906 habeat
377 1849 514 1922 proprium
527 1868 584 1906 esse
598 1850 674 1922 (quia
686 1851 743 1906 eius
756 1869 813 1907 esse
828 1857 870 1907 est
887 1852 1020 1923 alterins),
1033 1869 1088 1906 non
1100 1855 1190 1923 potest
1201 1849 1300 1904 habere
1312 1864 1375 1919 pro·

268 1937 357 2011 priam
369 1937 561 2010 operationem,
570 1938 618 1993 sed
629 1942 738 1992 tantum
746 1938 844 1993 habere
853 1945 957 2011 partem
968 1939 998 1992 a'n
1009 1938 1195 1992 conditioraibae
1202 1933 1376 1991 accidentali-

269 2023 319 2080 bus
332 2021 500 2095 operationis.
537 2023 575 2077 Et
586 2024 620 2078 de
630 2023 709 2094 facto,
720 2042 752 2079 eo
764 2026 845 2080 modo
856 2029 964 2080 tantum
976 2025 1100 2080 accidens
1112 2024 1230 2079 ordinari
1241 2027 1331 2096 potest
1342 2021 1378 2075 ad

270 2110 413 2178 actionem,
426 2126 479 2182 quo
491 2110 572 2164 modo
585 2116 627 2165 est
635 2110 665 2166 in
677 2116 754 2166 actu:
774 2111 850 2182 atqui
863 2117 903 2166 eet
912 2111 941 2164 in
953 2117 1016 2166 actu
1028 2129 1083 2165 non
1095 2117 1126 2165 ut
1138 2110 1224 2164 forma
1236 2110 1303 2163 dans
1310 2125 1377 2176 esse,

271 2198 318 2253 sed
330 2203 359 2251 at
370 2196 541 2251 determinans
558 2198 663 2250 modam
674 2198 773 2252 merda·
785 2197 890 2252 dteriaa
902 2197 991 2269 quoad
1003 2197 1172 2252 conditiones
1184 2195 1378 2262 accidentales;

272 2300 398 2356 ergonon
405 2282 472 2337 dicit
481 2283 602 2336 ordinem
614 2283 649 2336 ad
657 2282 791 2338 actionem
799 2288 832 2337 ut
841 2284 907 2338 dans
917 2301 974 2338 esse
983 2283 1091 2353 actioni,
1101 2284 1149 2337 sed
1157 2287 1189 2336 ut
1198 2280 1380 2337 determinans

271 2369 439 2425 conditiones
451 2365 631 2437 accidentales·
646 2368 797 2424 atmodum
810 2369 916 2424 essendi
929 2370 1052 2424 actionis.
1090 2369 1129 2423 Et
1144 2369 1196 2423 hoc
1207 2366 1380 2423 aeteram

272 2455 325 2509 hoc
336 2454 396 2508 loco
407 2471 463 2508 non
476 2459 517 2508 est
533 2453 720 2526 accipiendum
737 2456 885 2510 secundum
902 2455 1089 2511 causalitatem
1106 2456 1259 2528 effectivam,
1270 2453 1319 2508 sed
1336 2469 1380 2506 se-

273 2541 392 2596 cundum
406 2540 551 2612 formalem
562 2546 679 2610 tantum,
690 2546 723 2595 ut
740 2548 822 2613 patet
859 2542 933 2614 Ergo
949 2542 1026 2597 nulla
1043 2542 1114 2597 actio
1131 2546 1221 2614 potest
1237 2538 1382 2612 procedere

273 2628 308 2683 ab
320 2627 468 2696 accidente,
481 2633 512 2680 nt
523 2626 657 2682 efficiente
670 2627 754 2682 illam.
786 2628 824 2682 Et
835 2627 896 2683 ideo
904 2628 991 2683 virtus
999 2627 1122 2683 effectiva
1130 2645 1185 2682 non
1194 2633 1236 2682 est
1247 2625 1381 2694 accidens,

274 2719 303 2768 et
313 2730 369 2766 ιιοιι
381 2713 462 2767 estin
473 2712 628 2767 accidente:
647 2713 731 2768 immo
743 2713 767 2767 ei
779 2713 888 2769 deberet
899 2732 956 2770 esse
965 2714 1097 2783 accidens,
1105 2715 1182 2769 nulla
1193 2715 1279 2769 virtus
1291 2712 1382 2768 activa

274 2803 346 2856 esset
357 2798 525 2870 explicabilis
538 2798 600 2870 (VL
614 2817 640 2852 ιι.
655 2800 750 2868 eccl,
762 2800 812 2854 IV.
825 2818 851 2855 n.
865 2801 951 2854 31-33
963 2806 991 2854 et
1002 2819 1028 2854 n.
1042 2800 1153 2872 3742).

310 2885 356 2939 Ad
367 2886 427 2940 haec
440 2885 527 2940 omnis
538 2884 610 2939 actio
623 2892 751 2942 arachnae
763 2886 888 2959 producit
904 2891 995 2941 actum
1006 2886 1217 2955 accidentalem
1236 2903 1300 2958 ergo
1311 2884 1382 2940 aeti·

274 2972 346 3027 vitae
363 2977 491 3025 creaturae
510 2971 593 3025 debet
611 2989 669 3026 csse
684 2973 715 3026 in
729 2973 803 3027 linea
819 2972 889 3027 entis
904 2973 1012 3026 infinite
1026 2973 1177 3046 superantis
1194 2990 1286 3027 omnes
1305 2976 1382 3026 actis

276 3057 470 3124 muraenulae
489 3061 518 3110 et
530 3064 723 3129 consequenter
734 3059 829 3131 nequit
841 3077 898 3114 esse
911 3058 1041 3114 accidens.
1079 3059 1117 3114 Et
1128 3061 1181 3116 hoc
1191 3064 1382 3132 argumentum

277 3149 319 3198 est
330 3143 574 3198 demonstrativum
588 3144 680 3214 (VIII.
691 3163 717 3198 ιι.
731 3146 789 3216 39).

311 3229 354 3282 66.
374 3228 473 3281 Restat
484 3229 675 3301 explicandum
687 3247 734 3284 cur
745 3231 899 3286 scholastici
907 3231 1072 3287 contrarium
1080 3232 1225 3287 tenuerint
1262 3233 1301 3286 Et
1312 3232 1382 3286 ratio

277 3320 327 3383 est,
346 3312 411 3385 quia
431 3320 541 3368 acturae
559 3315 738 3369 substantiales
755 3318 909 3388 compositas
927 3317 1037 3372 nomine
1056 3319 1202 3373 adductius
1223 3318 1384 3393 simpliciter

277 3398 461 3472 designabant,
475 3405 511 3468 et,
525 3399 628 3454 nullam
638 3401 767 3472 facientes
785 3403 908 3476 analysin
926 3405 989 3459 talis
1007 3405 1149 3478 compositi
1167 3406 1281 3478 physici,
1294 3405 1382 3461 consi-

277 3488 409 3543 derabant
420 3486 550 3541 virtutem
562 3487 620 3541 eius
631 3492 663 3541 ut
675 3490 741 3560 quid
753 3490 877 3562 simplex,
890 3495 918 3544 et
930 3509 985 3545 non
996 3496 1028 3545 ut
1039 3492 1228 3546 resultationem
1240 3512 1272 3547 ea
1281 3493 1382 3564 cenapi-

276 3575 378 3628 rata'one
389 3573 536 3628 mutarum
548 3573 654 3628 virium
692 3574 774 3646 Hinc,
787 3577 945 3648 quinalium
963 3577 1099 3633 actionem
1116 3579 1200 3634 habet
1214 3585 1293 3652 gutta
1304 3597 1382 3653 aquae

276 3661 383 3733 frigida,
395 3659 586 3732 aliam'calida,
605 3659 737 3716 dicebant
749 3663 881 3718 virtutem
898 3663 1088 3719 calefactivam
1105 3665 1231 3720 advenire
1248 3683 1334 3739 aquas,
1353 3671 1382 3721 et

278 3752 471 3818 consequenter
481 3764 538 3800 esse
550 3746 682 3802 ceddae:
710 3754 804 3804 contra
819 3749 949 3804 virtutem
966 3749 1179 3822 refrigerativam
1192 3770 1250 3806 esse
1268 3754 1383 3807 academ

274 3834 422 3905 propriam,
429 3833 494 3904 quia
505 3850 575 3905 aqna
586 3833 620 3888 de
632 3853 661 3888 ee
673 3840 715 3888 est
726 3835 832 3907 frigida,
839 3835 894 3890 nisi
902 3837 1025 3906 calefiat3
1044 3843 1073 3891 et
1084 3856 1139 3892 non
1155 3843 1247 3910 posset
1257 3839 1384 3909 calefieri,

280 3921 398 3976 eivirtus
404 3921 598 3992 refrigerativa,
603 3939 663 3995 quae
671 3929 714 3976 est
722 3922 902 3996 eiuspropria,
910 3942 966 3978 non
974 3929 1065 3998 posset
1074 3925 1176 3980 destrui
1188 3932 1236 3980 aut
1243 3926 1370 4000 suspendi
1374 3946 1382 3995 ;

280 4009 309 4064 id
326 4015 368 4064 est
379 4009 432 4063 nisi
449 4009 609 4064 admittatur
626 4011 698 4083 quod
715 4011 802 4066 virtus
819 4012 879 4066 haec
897 4017 938 4067 cst
955 4011 1037 4066 simul
1052 4014 1163 4084 prmo
1181 4020 1209 4068 et
1221 4015 1384 4070 accidmla's

280 4113 365 4168 aquae.
402 4095 440 4149 Et
451 4096 562 4167 quidem
573 4102 662 4151 totum
673 4098 726 4151 hoc
737 4097 886 4152 rectissime
898 4097 952 4152 dici
959 4098 1057 4170 potuit,
1065 4099 1195 4170 quamdiu
1207 4118 1278 4172 aqua
1289 4101 1384 4158 habita

280 4188 323 4236 est
333 4199 381 4252 pro
393 4182 510 4253 quadam
519 4182 670 4238 substantia
678 4183 833 4256 primitiva:
852 4183 937 4238 immo
948 4202 1004 4238 non
1011 4184 1090 4238 aliter
1101 4185 1155 4240 dici
1163 4181 1268 4257 potuit:
1287 4205 1383 4259 quam-

281 4283 362 4338 quam
375 4285 409 4320 ex
420 4268 473 4322 hoc
485 4285 539 4321 non
551 4287 637 4341 pauca
649 4269 770 4324 difficilia
780 4275 960 4342 sequerentur.
998 4270 1053 4326 Sed
1068 4272 1181 4343 physica
1196 4273 1251 4327 iam
1263 4276 1383 4330 ostendit

281 4357 387 4424 guttam
399 4356 547 4425 quamlibet
559 4374 635 4428 aquae
647 4363 679 4412 ut
691 4363 722 4412 ut
734 4356 875 4412 minimam
893 4375 947 4412 non
966 4376 1022 4412 esee
1040 4376 1122 4413 unam
1135 4359 1322 4433 substantiam,
1335 4363 1383 4418 sed
