3222 4984
280 351 343 416 178
584 367 627 411 on
642 365 785 411 semona
802 365 860 409 om
877 364 914 408 1u
931 362 1062 408 nunno.
1221 341 1307 426 [cnr.
1326 360 1381 404 111.

718 673 859 738 CAPUT
881 673 945 739 III.

577 857 629 912 DE
646 857 786 912 DIVINA
803 855 1074 912 PROVIDENTIA.

289 1070 294 1080 ,
324 1005 376 1067 34.
401 1001 557 1080 Quaeritur
570 1003 621 1068 hic
636 1003 746 1089 primo,
762 1005 835 1088 qnid
846 1005 885 1068 sit
894 1003 1092 1087 providentio.

327 1112 519 1199 Respondeo,
542 1115 764 1200 providentiam
785 1137 852 1180 esse
873 1116 1018 1178 rationem
1040 1114 1208 1178 directioom
1230 1133 1327 1174 rernm
1347 1109 1389 1172 nd

272 1223 375 1310 finem,
386 1234 417 1290 et
426 1226 486 1292 dici
500 1227 721 1312 providentiam
737 1249 755 1290 a
770 1226 948 1310 praevisione
962 1234 1031 1289 tum
1045 1224 1116 1288 finis
1131 1231 1198 1288 tum
1213 1221 1382 1286 mediorum

279 1336 536 1402 convenientium.
593 1339 646 1402 Aa
660 1339 854 1423 providentie
877 1360 987 1416 curam,
1011 1336 1053 1400 ait
1078 1336 1110 1399 S.
1133 1314 1267 1398 Thomas
1292 1333 1333 1416 (p.
1353 1335 1383 1394 l.

279 1469 309 1532 q.
327 1449 379 1513 22.
395 1471 422 1512 a.
440 1451 484 1533 1),
500 1451 556 1514 dno
565 1451 726 1534 pertinent,
741 1450 852 1514 scilieet
865 1451 944 1513 ratio
959 1449 1080 1526 ordinis,
1093 1470 1156 1531 qne
1167 1447 1275 1510 dicitur
1282 1444 1385 1528 proci-

279 1558 388 1638 dentia,
403 1568 433 1623 et
453 1560 605 1644 dispositio
628 1569 657 1626 et
679 1563 809 1626 enecatio
831 1560 952 1638 ordinis,
976 1583 1039 1644 qnae
1061 1560 1170 1623 dicitnr
1187 1557 1383 1642 pnhernatio:

282 1691 404 1753 qnorum
423 1673 554 1754 peinana
579 1680 623 1736 est
646 1680 794 1750 etenum,
820 1672 977 1736 secundnm
998 1671 1163 1754 temporale.
1218 1669 1259 1731 nt
1279 1665 1384 1751 paullo

280 1779 408 1844 inferius
422 1780 474 1866 (ad
488 1784 545 1868 3¹³)
578 1785 770 1848 Providentia
785 1792 829 1848 eat
843 1783 1047 1862 inintellecta,
1063 1781 1325 1866 sedpraesnpponit
1335 1801 1385 1841 oo·
1447 1815 1452 1822 -

281 1893 422 1958 lnntatenn
436 1896 532 1977 finia;
569 1895 667 1959 nnllna
696 1897 772 1959 enim
787 1897 926 1979 precepit
948 1897 983 1958 de
1005 1895 1124 1979 offendis
1139 1901 1266 1978 propter
1280 1889 1384 1976 finem,

280 2005 339 2068 nisi
352 2006 422 2071 uelit
429 2005 532 2090 finem.
582 2007 665 2071 Unde
687 2016 716 2070 et
724 2009 886 2091 prudentia
896 2008 1098 2091 prnsupponit
1111 2008 1235 2070 virtutae
1251 2003 1385 2081 nwrclea,

274 2139 333 2200 per
347 2139 421 2200 qnos
436 2120 583 2202 appetitus
596 2120 725 2183 sehabet
739 2119 779 2183 ad
792 2121 906 2183 bonnm.

287 2214 289 2218 ¹
324 2231 377 2294 35.
401 2228 557 2305 Quaeritur
571 2229 715 2310 secundo,
731 2253 770 2294 on
780 2231 968 2314 providentio
980 2229 1095 2315 aliquid
1107 2229 1196 2293 addat
1210 2249 1302 2312 snpra
1317 2249 1386 2291 eon-

282 2364 408 2406 mensam.

325 2452 517 2538 Respondeo‚
528 2452 751 2538 providentiam
766 2476 784 2517 a
798 2474 948 2518 concursu
963 2452 1114 2537 distingui
1125 2451 1256 2537 simplici
1272 2457 1387 2516 conno'·

280 2565 407 2647 tatione.
436 2565 494 2630 nst
508 2564 590 2630 enim
605 2547 795 2653 providentia
805 2566 887 2643 ratio
902 2546 1041 2650 quaedain
1054 2564 1208 2643 directiva,
1217 2572 1253 2628 ut
1268 2563 1386 2628 dictum

281 2686 346 2743 est:
370 2699 466 2763 quum
488 2685 591 2742 autem
613 2677 750 2742 eiusdem
773 2677 812 2741 sit
835 2678 906 2743 dare
929 2677 1138 2755 directionem,
1153 2679 1240 2741 cuius
1255 2685 1301 2740 est
1317 2676 1389 2739 dare

280 2797 411 2869 motum,
436 2788 540 2852 statim
561 2797 696 2874 apparet,
719 2811 782 2853 non
804 2812 893 2874 posse
917 2789 1040 2854 admitti
1061 2811 1243 2854 concursum
1265 2787 1326 2852 Dei
1348 2788 1388 2851 ad

283 2909 386 2965 actum
401 2923 462 2985 quo
478 2922 525 2964 res
540 2900 641 2964 tendit
656 2900 688 2964 in
703 2901 797 2964 finem
823 2900 887 2986 (qui
909 2908 1024 2964 motus
1036 2908 1082 2964 est
1105 2898 1238 2983 moralis)
1263 2898 1339 2984 quin
1354 2899 1388 2962 in

282 3013 349 3096 ipso
364 3033 515 3075 concursu
534 3011 720 3092 includatur!
732 3012 858 3077 directio
880 3013 919 3077 ad
937 3013 1041 3076 finem.
1087 3010 1191 3087 Quare
1205 3011 1388 3096 gubernatio

282 3147 385 3190 rerum
400 3132 593 3208 comparatur
612 3124 774 3188 concursui
797 3124 876 3189 sicut
899 3125 1076 3189 directionis
1098 3125 1334 3189 communicatio
1349 3126 1389 3189 ad

283 3234 590 3301 communicationem
606 3243 708 3300 motus
723 3235 920 3300 directionem
936 3236 1088 3300 habentis.
1135 3237 1221 3300 Sicut
1236 3246 1340 3302 tamen
1355 3238 1388 3302 in

284 3349 375 3414 rebus
391 3346 598 3412 materialibus
619 3347 780 3410 intensitas
801 3355 904 3410 motus
924 3355 970 3411 est
992 3347 1116 3432 praecise
1131 3369 1149 3410 a
1163 3347 1277 3412 virtute
1292 3348 1389 3412 activa

284 3459 445 3538 moventis,
457 3458 583 3524 directio
592 3480 663 3523 vero
673 3466 777 3523 motus
786 3466 859 3522 esta
874 3459 1001 3524 materia
1010 3459 1050 3523 ad
1064 3459 1221 3524 materiam
1231 3467 1388 3543 tamquam

284 3595 302 3637 a
325 3571 456 3636 termino
481 3569 520 3634 ad
545 3570 722 3649 terminum,
746 3569 790 3633 ita
813 3569 846 3632 in
868 3570 1026 3635 tendentia
1048 3570 1088 3634 ad
1112 3569 1205 3633 finem
1228 3570 1389 3636 intensitas

283 3741 379 3795 nontin
391 3738 627 3812 supernaturalem,
640 3736 705 3809 quia
717 3741 745 3790 et
756 3737 890 3792 ordinatio
902 3736 951 3791 illa
962 3743 1003 3791 est
1014 3737 1159 3791 intrinsece
1172 3738 1389 3808 supernaturalis,

284 3833 316 3882 ut
327 3827 432 3882 dictum
444 3829 494 3893 est,
507 3830 535 3878 et
546 3824 656 3879 dilectio
668 3841 700 3878 ac
711 3823 788 3896 quies
799 3824 829 3877 in
841 3823 891 3878 tali
908 3824 1076 3878 ordinatione
1094 3823 1181 3896 ipsam
1192 3824 1389 3880 ordinationem

283 3913 402 3969 involvit
412 3913 442 3966 in
455 3913 509 3967 suis
521 3911 750 3980 substantialibus,
764 3911 793 3965 id
803 3917 844 3965 est
853 3911 882 3965 in
892 3911 1079 3966 essentialibus
1087 3911 1278 3967 constitutivis.
1315 3912 1390 3966 Hinc

283 4008 373 4076 potest
382 4003 465 4057 etiam
474 4001 503 4055 in
512 4000 669 4070 infantibus,
679 4004 741 4056 ante
748 3999 911 4068 libertatem,
921 4017 978 4054 esse
986 3999 1074 4071 gratia
1081 3999 1294 4068 sanctificans‚in
1303 4017 1389 4071 quan·

284 4095 344 4144 tum
355 4093 514 4162 permanent
525 4087 641 4159 positive
653 4085 682 4139 in
695 4085 864 4140 ordinatione
882 4085 1076 4158 supernaturali
1088 4086 1118 4139 in
1130 4085 1196 4158 ipsis
1209 4087 1295 4141 aDco
1307 4087 1388 4142 lacta

284 4170 354 4230 Haec
372 4175 511 4244 attingunt
528 4190 573 4226 eas
585 4169 755 4244 'theologicas
777 4173 948 4244 quaestiones,
966 4173 996 4225 in
1015 4171 1113 4243 quibus
1134 4173 1247 4226 diversae
1268 4173 1390 4245 philoso-

285 4262 401 4332 phorum
414 4259 552 4332 opiniones
564 4259 635 4313 circa
647 4258 793 4329 qualitates
809 4255 935 4330 magnam
947 4258 1136 4312 difficultatem
1149 4264 1292 4330 generant:
1312 4264 1339 4312 et
1356 4259 1390 4313 de

284 4343 329 4395 his
341 4339 456 4415 sufficiat
468 4341 501 4394 ob
514 4357 616 4395 nexum
627 4340 807 4412 philosophice
820 4357 883 4416 cum
895 4341 1033 4412 theologia
1045 4358 1131 4413 pauca
1142 4341 1270 4397 innuisse.
