3212 4986
268 345 308 406 12
755 367 797 410 ns
814 367 888 410 nno.
1245 349 1329 433 [car.
1348 369 1372 412 1.

267 527 371 592 statim
386 550 422 592 ex
436 537 546 594 natura
560 529 685 594 effectus
700 553 840 616 quaenam
855 532 895 596 sit
910 541 1020 597 natura
1028 555 1146 612 causae,
1169 532 1273 597 vident
1287 532 1369 596 enim

265 639 405 705 homines
431 662 576 726 magnam
601 641 775 707 varietatem
802 642 834 707 in
860 643 1019 708 effectibus
1044 644 1181 710 eiusdem
1205 667 1312 724 causae,
1338 652 1369 707 et

266 773 410 835 magnam
433 753 609 818 varietatem
638 776 798 819 causarum
823 755 1059 839 producentium
1081 757 1211 842 aequales
1233 757 1369 820 effectus.

264 861 305 926 nt
328 862 380 943 sic,
396 865 534 948 quamvis
554 887 590 929 ex
610 865 768 930 effectibus
785 867 873 931 facile
894 866 1062 932 deducatur
1085 868 1244 933 existentia
1263 868 1369 952 primae

265 995 370 1053 causae,
387 985 524 1060 superest
546 975 803 1061 investigandum,
820 1001 888 1064 quae
910 987 940 1044 et
960 978 1059 1065 qualis
1080 980 1121 1044 sit
1139 980 1237 1064 prima
1257 1001 1367 1043 causa:

264 1092 295 1148 et
318 1083 351 1148 in
375 1084 431 1149 bac
457 1085 655 1171 inquisitione
681 1087 830 1168 homines,
857 1090 1025 1173 prasertim
1049 1091 1149 1170 rudes,
1176 1090 1235 1154 sibi
1260 1089 1368 1168 relicti,

265 1194 352 1260 facile
368 1217 466 1261 errare
480 1207 658 1282 potuerunt.

308 1305 413 1383 Quum
439 1330 512 1391 ergo
538 1330 644 1372 omnes
671 1318 779 1393 gentes
803 1310 981 1376 admiserint
1006 1311 1208 1376 Divinitatem
1231 1312 1368 1391 existere,

264 1417 383 1482 videtur
399 1419 481 1503 quod
497 1419 657 1483 existentia
671 1419 741 1498 Dei,
757 1429 914 1506 tamquam
930 1423 1085 1488 communi
1101 1445 1192 1487 sensu
1214 1431 1289 1502 rata,
1306 1445 1368 1486 non

263 1528 400 1613 indigeat
416 1529 584 1614 specialiter
599 1529 729 1614 probari.
767 1532 818 1610 Et,
832 1532 937 1596 stricte
946 1545 1037 1617 atque
1052 1532 1190 1597 absolute
1204 1533 1367 1618 loquendo,

262 1640 490 1705 concedendum
515 1650 562 1704 est
585 1641 629 1704 ita
657 1663 742 1706 esse:
767 1643 821 1706 sed
845 1654 969 1728 propter
1000 1644 1138 1708 ordinem
1166 1645 1309 1724 scientiae,
1336 1656 1367 1709 et

264 1760 388 1836 propter
406 1752 632 1836 improbitatem
656 1753 856 1838 quorumdam
873 1755 927 1841 qui
949 1778 981 1819 se
996 1754 1101 1820 atheos
1124 1755 1306 1840 profitentur
1322 1757 1370 1839 (in

265 1884 326 1946 quo
348 1863 514 1927 certissime
537 1864 754 1947 mentiuntur),
770 1866 891 1949 expedit
917 1889 952 1930 ea
975 1866 1042 1951 ipsa
1064 1866 1232 1946 ratiocinia,
1256 1867 1367 1951 quibus

263 1973 402 2038 homines
431 1973 470 2038 ad
499 1973 690 2038 asserendam
719 1974 780 2039 Dei
809 1975 1001 2040 existentiam
1030 1976 1207 2060 adiguntur,
1239 1977 1368 2042 breviter

263 2086 398 2150 evolvere
413 2095 444 2150 et
460 2085 648 2150 confirmare.

307 2201 338 2263 9.
361 2197 562 2262 Existentiam
580 2197 660 2261 entis
683 2220 802 2262 summe
821 2197 947 2283 perfecti
964 2199 1067 2262 omnia
1085 2198 1270 2283 pradicant:
1293 2199 1370 2264 ordo

263 2309 379 2388 idealis,
389 2310 463 2374 ordo
478 2310 611 2389 moralis,
624 2309 698 2374 ordo
714 2311 812 2374 realis.
841 2309 925 2375 Ordo
940 2309 1045 2374 idealis
1056 2310 1213 2394 adaequate
1225 2322 1367 2395 sumptus

263 2421 399 2486 continet
414 2445 496 2486 omne
510 2444 617 2500 onom,
633 2422 707 2486 ordo
723 2421 845 2485 moralis
866 2422 1076 2500 omnebonum,
1093 2421 1168 2486 ordo
1182 2421 1278 2500 realis
1287 2445 1368 2488 omne

262 2555 321 2598 eras.
367 2532 472 2610 Quum
497 2541 601 2597 autem
623 2555 687 2613 ens,
703 2555 808 2596 verum
832 2540 863 2596 et
889 2532 1005 2597 bonum
1027 2542 1252 2612 convertantur,
1275 2555 1390 2597 omne·

261 2666 326 2723 ens,
341 2666 432 2708 omne
446 2666 551 2710 verum
574 2652 605 2708 et
626 2665 717 2707 omne
739 2643 855 2706 bonum
878 2643 959 2706 idem
975 2653 1048 2707 sunt
1070 2642 1202 2724 realiter,
1216 2644 1289 2709 licet
1306 2645 1364 2709 sub

263 2752 380 2817 diversa
409 2752 670 2832 consideratione,
702 2752 774 2836 quia
802 2774 857 2816 ens
887 2752 999 2818 dicitur
1027 2753 1175 2833 absolute,
1199 2777 1306 2819 verum
1334 2755 1368 2818 in

262 2863 368 2930 ordine
383 2862 423 2926 ad
442 2862 641 2942 intellectum,
657 2861 773 2927 bonum
789 2863 944 2928 inordina
965 2864 1005 2928 ad
1019 2864 1218 2930 voluntatem.
1264 2865 1367 2942 Quare

261 2997 359 3040 unum
375 2982 466 3058 atque
481 2973 562 3039 idem
577 2982 633 3054 est,
649 2973 721 3039 licet
736 2974 792 3039 sub
809 2973 928 3039 diversa
949 2975 1198 3056 consideratione,
1212 2975 1366 3042 obiectum

261 3086 454 3171 adaequatum
468 3085 584 3150 ordinis
601 3085 717 3165 idealis,
733 3086 856 3151 moralis
870 3095 902 3150 et
922 3086 1021 3166 realis,
1037 3097 1144 3172 estque
1161 3087 1317 3152 infinitum
1332 3089 1366 3153 in

262 3198 369 3264 ordine
383 3197 466 3277 reali,
477 3197 563 3262 cuius
579 3206 626 3261 est
641 3198 709 3261 fons
726 3207 760 3261 ut
776 3220 932 3261 summum
943 3220 999 3261 ens
1013 3208 1044 3262 et
1060 3219 1179 3262 summa
1192 3197 1324 3280 realiter,
1335 3209 1366 3264 et

261 3313 296 3377 in
318 3311 423 3376 ordine
445 3311 544 3391 ideali,
561 3311 647 3376 cuius
667 3319 714 3375 est
729 3311 798 3375 fons
820 3319 856 3374 ut
876 3333 996 3375 summa
1016 3311 1135 3390 veritas,
1151 3321 1182 3376 et
1204 3313 1237 3378 in
1260 3313 1365 3379 ordine

262 3423 379 3501 morali,
395 3421 482 3486 cuius
497 3430 543 3486 est
558 3422 627 3486 fons
643 3432 678 3485 ut
694 3444 814 3485 summa
830 3421 959 3486 bonitas.

308 3537 358 3598 10.
382 3533 423 3596 Et
438 3533 536 3617 primo
553 3533 699 3618 probatur
714 3533 773 3596 Dei
791 3533 951 3596 existentia
973 3556 1010 3597 eo
1025 3534 1125 3598 ordine
1139 3535 1237 3600 ideali.
1282 3534 1364 3601 Con·

262 3647 417 3731 cipiuntur
428 3645 549 3709 infinita
561 3644 764 3728 intelligibilia
776 3670 785 3722 ;
809 3666 881 3726 ergo
893 3645 995 3708 existit
1006 3667 1161 3709 summum
1173 3646 1365 3730 intelligibile

263 3780 382 3824 summe
407 3757 581 3840 intelligens
592 3783 602 3836 3
632 3778 706 3840 ergo
730 3757 831 3820 existit
857 3757 953 3820 Deus.
1009 3758 1202 3822 Antecedens
1226 3768 1365 3838 constat3

261 3871 374 3936 dantur
389 3869 470 3933 enim
494 3869 614 3932 infinita
628 3867 792 3952 possibilia,
809 3889 863 3930 seu
881 3889 943 3931 non
966 3867 1150 3932 involventis
1169 3871 1365 3936 intrinsecam

262 3979 549 4046 contradictionem:
574 4001 642 4063 quae
656 3987 760 4041 autem
775 4000 836 4041 non
856 3978 1016 4041 involvunt
1034 3979 1229 4044 intrinsecam
1245 3992 1364 4046 contra-

230 4151 232 4156 .
261 4095 425 4160 dictionem
442 4101 516 4156 sunt
531 4091 569 4155 de
589 4113 621 4154 se
635 4088 850 4172 intelligibilia.
896 4089 1046 4152 Probatur
1061 4111 1250 4175 consequens
1258 4119 1268 4172 ,-
1292 4116 1364 4157 nam

262 4205 327 4270 dari
342 4203 463 4268 infinita
484 4200 687 4284 intelligibilia
702 4209 748 4264 est
770 4198 836 4262 dari
850 4199 981 4278 infinita,
997 4223 1127 4284 quorum
1149 4203 1244 4286 possit
1259 4204 1363 4269 haberi

260 4316 396 4400 cognitio
411 4337 480 4380 vera
494 4312 526 4378 in
542 4310 709 4375 intellectu.
737 4309 850 4393 -Atqui
865 4311 925 4375 nisi
947 4309 1055 4374 existat
1070 4335 1124 4375 aas
1139 4334 1258 4378 summe
1273 4315 1364 4380 intel·
