3212 4986
595 1077 686 1181 D'll
744 1076 907 1182 ΒΕΘ.

526 1426 951 1440 Ἠ*-

203 1655 232 1715 1.
257 1622 456 1714 PRIMUM
479 1649 664 1734 principium
685 1659 717 1715 ct
741 1651 869 1735 primam
893 1672 1016 1715 causam
1037 1671 1138 1714 rerum
1161 1647 1299 1712 omnium

201 1785 344 1829 vocamus
358 1761 477 1826 Deum:
501 1761 587 1826 cuius
602 1761 793 1826 existentiam
808 1771 839 1826 et
856 1761 1005 1826 attributa
1024 1761 1164 1847 quaedam
1182 1759 1300 1824 lumine

202 1875 335 1940 naturah
356 1872 569 1958 cognoscimus
590 1895 626 1937 eo
647 1873 740 1938 modo
761 1895 822 1959 quo
845 1896 881 1938 ex
902 1873 1013 1938 effectu
1036 1871 1179 1958 cognosci
1199 1877 1300 1957 potest

202 2008 292 2052 causa
301 2011 310 2064 3
334 1984 482 2070 siquidem
498 1984 719 2068 perfectionum
735 2007 859 2050 suarum
874 1985 960 2070 quasi
971 1985 1134 2069 vestigium
1145 1982 1301 2069 quoddam

201 2098 288 2162 Deus
307 2096 373 2180 ipse
390 2095 421 2160 in
437 2094 528 2159 rebus
541 2095 732 2160 naturalibus
745 2095 910 2180 impressit,
925 2118 1036 2180 casque
1052 2095 1209 2181 speculum
1224 2093 1300 2158 divi·

200 2207 306 2272 nitatis
326 2205 434 2270 effecit.
481 2205 564 2270 Hinc
583 2207 629 2285 fit,
645 2214 681 2270 ιιι
700 2214 810 2291 prater
825 2201 1086 2291 supernaturalem
1102 2205 1300 2289 theologiam,

201 2341 269 2404 quae
286 2341 323 2382 ex
340 2317 462 2402 speciali
476 2317 537 2382 Dei
556 2318 737 2384 revelatione
759 2318 934 2396 dimanavit,
952 2325 983 2382 et
1005 2317 1038 2381 in
1060 2317 1120 2381 fide
1142 2315 1300 2395 fundatur,

201 2429 371 2494 naturalem
387 2450 508 2514 quoque
522 2428 708 2513 theologiam
721 2429 756 2492 in
770 2437 888 2493 naturas
898 2427 995 2514 ipsius
1005 2428 1181 2493 testimonio
1190 2427 1301 2493 funda·

201 2550 265 2606 tam
279 2539 463 2605 habeamus:
486 2562 555 2623 quae
572 2540 718 2605 nutmalia
740 2539 862 2619 dicitur,
877 2562 938 2604 non
958 2539 1057 2604 solum
1077 2539 1149 2624 quia
1170 2539 1302 2604 naturali

201 2652 346 2718 facultate
367 2651 569 2716 ratiocinandi
591 2650 699 2744 utitur,
715 2650 798 2737 quod
819 2651 866 2715 illi
883 2673 953 2716 cum
972 2650 1196 2736 supernaturali
1213 2650 1301 2714 theo·

201 2764 283 2848 logia
297 2771 328 2828 et
343 2785 414 2828 cum
429 2761 495 2828 aliis
510 2761 643 2826 scientiis
658 2783 819 2827 commune
833 2770 890 2842 est,
905 2762 1075 2841 sedetiam,
1090 2769 1121 2826 at
1141 2761 1301 2847 praecipue,

202 2875 274 2959 quia
288 2896 324 2938 ex
338 2872 430 2938 rebus
444 2871 623 2937 naturaliter
638 2872 770 2956 cognitis
785 2880 967 2956 argumenta
982 2895 1038 2936 sua
1052 2872 1214 2957 depromit.

244 2985 347 3066 Deum
370 2983 421 3048 hic
441 2983 498 3050 sub
523 2983 637 3068 triplici
660 2991 809 3067 conceptu
833 2982 1111 3048 considerabimus:
1141 2986 1241 3069 primo
1265 2996 1302 3051 ut

203 3119 358 3163 summum
377 3119 442 3176 ens,
458 3095 591 3161 secundo
610 3103 648 3160 ut
665 3116 820 3160 summum
838 3096 1034 3180 principium,
1054 3097 1145 3161 tertio
1165 3107 1200 3162 ut
1218 3121 1302 3163 sum-

203 3233 285 3276 mam
300 3230 432 3274 causam.
479 3206 545 3271 Sub
560 3205 659 3292 primo
674 3216 824 3292 conceptu
837 3207 921 3273 venit
935 3207 1001 3271 eius
1015 3229 1077 3272 ease
1090 3209 1124 3272 in
1138 3209 1247 3275 ordine
1264 3212 1304 3277 ad

203 3345 255 3388 se:
279 3320 337 3386 sub
360 3320 493 3386 secundo
515 3319 598 3384 veuit
612 3322 707 3384 virtus
720 3319 841 3383 infinita
854 3319 938 3384 illius
952 3341 1027 3399 csse,
1042 3320 1075 3383 in
1090 3331 1241 3404 quantum
1256 3332 1303 3388 cst

202 3433 272 3498 fons
297 3441 328 3497 et
354 3431 439 3497 radix
460 3431 561 3496 omnis
586 3430 724 3496 entitatis
746 3430 917 3515 possibilis:
941 3430 999 3495 sub
1022 3431 1112 3495 tertio
1129 3434 1212 3498 venit
1237 3434 1302 3499 eius

201 3546 321 3611 aaut
334 3546 446 3609 ecardo
461 3543 494 3608 in
508 3542 615 3608 ordine
630 3542 670 3607 ad
684 3539 851 3607 causandas
866 3542 1008 3606 entitates
1020 3566 1037 3606 a
1047 3542 1115 3607 Deo
1125 3543 1301 3611 distinctas:

202 3664 234 3721 et
249 3657 292 3722 sic
307 3663 391 3722 totus
405 3654 456 3720 hic
470 3661 617 3720 tractatus
631 3653 731 3718 tribus
745 3652 897 3738 capitibus
911 3652 1128 3719 continebitur.

656 3899 796 3964 CAPUT
818 3899 845 3966 1.

479 4094 534 4153 DE
554 4093 634 4152 DEO
655 4093 704 4154 IN
723 4094 878 4155 ORDINE
898 4096 953 4156 AD
974 4097 1030 4157 SE.

246 4247 278 4310 2.
302 4242 392 4308 Circa
406 4241 509 4306 Deum
531 4241 564 4304 in
587 4241 686 4326 seipso
708 4241 933 4306 consideratum
957 4242 1017 4306 tria
1042 4244 1137 4329 quaeri
1156 4259 1303 4331 possunt2

203 4357 303 4441 primo
318 4377 358 4420 aa
371 4355 430 4432 ait,
454 4349 587 4418 secundo
602 4353 675 4436 quid
681 4355 740 4432 εἰη
763 4353 853 4418 tertio
869 4355 966 4437 qualia
976 4356 1026 4419 sit.
1073 4355 1208 4427 Primam
1223 4383 1305 4448 qum-

1075 4471 1132 4533 1³2
