3240 4986
286 339 328 403 78
751 357 793 400 na
811 357 939 401 uouoo.
1259 334 1346 418 [car.
1362 354 1387 397 1.

287 525 445 606 existendi,
460 531 496 589 ut
511 523 701 590 ostendimus
716 523 835 608 egendo
850 523 887 587 de
903 522 1074 587 substantia
1089 519 1240 607 spirituali
1257 521 1302 604 (n.
1319 521 1387 604 33).

287 636 374 701 Tunc
388 657 458 700 vero
473 634 603 699 essentia
625 631 778 718 possibilis
800 655 864 697 non
886 633 1033 718 accipitur
1054 640 1146 718 prout
1168 639 1215 696 est
1236 630 1388 696 terminus

286 745 411 832 quidam
434 743 603 811 eminenter
623 752 787 809 contentus
806 745 935 830 positive
948 745 982 808 in
997 743 1099 809 divina
1113 743 1254 822 essentia,
1269 742 1323 806 sed
1337 763 1386 806 ac-

286 858 398 943 cipitur
415 865 571 942 tamquam
593 857 745 921 terminus
766 878 871 921 carens
892 864 963 921 actu
984 855 1142 921 entitativo
1165 863 1248 919 extra
1261 853 1387 932 Deum3

287 970 377 1035 debet
399 970 482 1037 enim
503 968 636 1033 essentia
658 966 807 1033 eiusmodi
829 967 940 1032 babere
963 989 995 1031 se
1017 967 1103 1052 qussi
1129 966 1325 1031 materialiter
1347 963 1386 1028 ad

286 1103 361 1162 esse,
377 1081 410 1147 id
432 1089 478 1146 est
499 1089 536 1145 ut
557 1080 589 1144 in
613 1080 750 1165 potentia
772 1080 928 1144 adactum
943 1079 1073 1144 essendi.
1117 1077 1242 1142 Etenim
1255 1076 1386 1141 essentia

286 1195 438 1281 qualibet,
464 1202 557 1279 prout
586 1201 632 1256 est
660 1192 809 1256 terminus
830 1192 957 1276 positiva
979 1199 1010 1256 et
1032 1191 1201 1256 eminenter
1222 1196 1386 1255 contentus

286 1307 319 1371 in
334 1306 436 1370 divina
450 1304 591 1382 essentia,
606 1325 671 1368 non
687 1311 734 1367 est
753 1311 933 1388 exspectans
950 1311 1052 1368 actum
1073 1302 1213 1382 assendi3
1236 1310 1282 1366 est
1304 1301 1387 1365 enim

286 1425 357 1482 actu
370 1418 491 1482 realiter
504 1417 537 1478 in
551 1415 629 1494 Deo,
645 1423 676 1478 et
691 1423 738 1478 est
752 1416 819 1499 ipsa
833 1415 936 1479 divina
950 1415 1080 1494 realitas,
1096 1415 1169 1500 quia
1183 1413 1334 1499 quidquid
1353 1414 1387 1476 in

285 1530 353 1593 Deo
376 1537 423 1592 est
448 1528 534 1591 Deus
560 1534 616 1590 est.
663 1525 724 1590 Sed
753 1527 884 1590 essentia
912 1527 1065 1611 quaelibet,
1089 1536 1180 1611 prout
1206 1533 1288 1590 caret
1317 1533 1388 1590 actu

278 1641 449 1726 formaliter
478 1639 627 1703 existendi
656 1647 740 1702 extra
763 1637 867 1701 Deum
896 1639 1003 1722 (quum
1029 1646 1133 1703 tamen
1156 1646 1192 1702 ut
1217 1637 1388 1702 eminenter

286 1759 432 1816 contenta
452 1751 485 1814 in
499 1751 567 1814 Deo
589 1748 699 1814 habeat
720 1767 784 1812 non
807 1747 1042 1832 repugnantiam
1065 1748 1103 1812 ad
1121 1747 1296 1832 essendum)
1313 1769 1386 1812 con-

285 1863 398 1948 cipitur
420 1862 518 1926 dicere
539 1861 717 1926 relationem
739 1859 973 1944 aptitudinalem
996 1860 1036 1923 ad
1064 1868 1167 1924 actum
1193 1860 1387 1924 entitativum

286 1995 348 2058 quo
371 1970 529 2038 actuabilis
552 1981 618 2036 est:
641 1980 672 2035 ct
694 1963 770 2035 tunc
792 1979 873 2034 recte
895 1977 1088 2055 comparatur
1109 1970 1149 2035 ad
1171 1979 1273 2035 actum
1296 1970 1387 2035 sicuti

285 2087 411 2150 materia
432 2084 531 2169 prima
552 2084 591 2149 ad
613 2083 742 2148 formam
766 2081 1008 2154 substantialem.
1054 2083 1137 2148 Hine
1159 2105 1233 2166 ergo
1250 2092 1385 2167 apparet,

286 2208 388 2263 actum
410 2197 530 2261 essendi
552 2218 613 2281 quo
634 2218 683 2259 res
704 2195 869 2259 mundanae
892 2204 975 2275 sunt,
991 2217 1054 2260 non
1072 2197 1265 2280 supervenire
1283 2217 1385 2259 rerum

284 2308 423 2373 essentiis
433 2316 524 2392 prout
534 2315 607 2370 sunt
618 2307 650 2370 in
662 2299 739 2386 Dec,
751 2302 803 2370 sed
819 2301 1011 2390 supervenire
1026 2307 1164 2370 essentiis
1178 2327 1279 2370 rerum
1295 2316 1386 2392 prout

286 2420 501 2505 concipiuntur
515 2418 627 2483 habere
642 2417 806 2482 carentiam
822 2427 908 2481 actus
922 2417 1074 2482 entitativi
1089 2424 1172 2481 extra
1185 2417 1298 2481 Deum.
1343 2417 1384 2482 ut

285 2534 328 2597 sic
350 2531 489 2595 essentiae
509 2538 579 2595 actu
598 2530 762 2594 existentes
781 2529 814 2593 in
834 2529 925 2593 rebus
945 2550 1006 2593 non
1030 2537 1103 2593 sunt
1118 2530 1255 2594 essentiae
1269 2551 1338 2614 quae
1352 2529 1385 2593 in

285 2645 352 2708 Deo
364 2651 435 2708 actu
444 2643 589 2720 existunt,
601 2641 655 2704 sed
666 2649 739 2704 sunt
748 2640 871 2704 termini
880 2641 1047 2720 extrinseci,
1059 2641 1107 2705 vel
1120 2641 1269 2725 imagines
1281 2663 1385 2705 earum

286 2779 322 2821 ex
336 2778 398 2819 non
419 2753 620 2818 existentibus
642 2752 682 2816 ad
699 2752 891 2816 existendum
908 2753 1083 2832 translatae3
1107 2762 1199 2838 atqua
1220 2753 1289 2817 ideo
1306 2754 1385 2816 nihil

285 2889 410 2952 prorsus
431 2886 593 2930 commune
615 2871 661 2928 est
683 2864 822 2929 essentiis
844 2886 946 2929 rerum
969 2873 1139 2929 creatarum
1160 2886 1232 2930 eum
1254 2865 1385 2929 essentia

284 2979 354 3044 Dei.

325 3090 367 3153 ut
378 3109 432 3174 per
446 3087 511 3152 haec
525 3096 601 3172 puto
616 3109 681 3152 esse
697 3089 811 3153 solutas
825 3089 858 3152 in
872 3088 973 3152 radice
985 3109 1093 3152 omnes
1108 3087 1301 3152 difficultates
1316 3111 1384 3173 quaa

285 3225 302 3265 a
317 3199 488 3265 fautoribus
502 3200 694 3264 emanatismi
707 3200 897 3264 manseuntis
912 3201 1041 3285 proponi
1056 3207 1195 3284 possunt.

643 3490 826 3534 sanrcunus
842 3463 1022 3536 succubus.

622 3619 671 3680 De
685 3618 844 3682 evolutione
859 3620 1016 3684 immorant
1033 3664 1040 3680 .

326 3767 357 3830 9.
382 3763 532 3843 Secundo,
549 3763 660 3827 falsum
677 3769 733 3842 est,
748 3763 900 3826 mundum
915 3783 981 3826 esse
996 3761 1105 3826 divinae
1121 3762 1299 3828 substantiae
1314 3787 1382 3830 evo-

282 3879 432 3943 lutionem
447 3879 479 3941 in
495 3877 561 3962 ipso
575 3876 643 3940 Deo
658 3876 887 3940 immanentem.

326 3989 487 4054 Probatur.
518 3987 560 4051 Et
575 3987 674 4072 primo
687 3996 840 4072 repugnat
854 3986 986 4051 evolutio
1000 3986 1171 4051 immanens
1186 3986 1295 4052 divinae
1311 3988 1383 4053 suba

281 4100 411 4166 stantiae.
452 4099 535 4164 Nam
550 4098 699 4184 quidquid
713 4120 768 4182 per
783 4098 984 4163 evolutionem
999 4098 1219 4163 immanentem
1235 4099 1383 4164 evolvitur

282 4221 328 4278 est
346 4213 379 4276 in
396 4212 534 4296 potentia
554 4211 594 4276 ad
613 4210 728 4294 aliquid
743 4210 953 4291 intrinsecum,
969 4218 1005 4275 ut
1020 4211 1143 4276 evidens
1158 4218 1225 4275 est:
1248 4211 1334 4295 atqui
1348 4212 1381 4274 in

279 4325 348 4388 Deo
361 4321 448 4386 nulla
463 4329 509 4386 est
523 4323 660 4407 potentia
675 4321 713 4386 ad
728 4322 842 4407 aliquid
857 4322 1078 4401 intrinsecum3
1102 4321 1185 4406 quod
1200 4340 1262 4386 non
1277 4323 1381 4386 minus
