3222 4984
284 385 351 449 220
718 405 760 449 ne
777 405 941 450 rrrsrnrro.
1246 379 1331 465 [oar.
1348 395 1390 441 11.

286 577 478 653 comparetur
492 590 562 633 cum
577 567 777 634 multitudine
792 567 960 654 composite
974 567 1096 633 infinita
1129 573 1132 579 ’

626 683 943 754 l÷2÷3÷4÷5÷
952 726 1049 745 .....

286 811 382 875 quum
401 788 500 876 prima
516 791 612 875 possit
632 789 779 856 infinities
800 791 938 856 subtrahi
956 814 975 856 a
994 789 1138 868 secunda,
1159 789 1322 854 dicendum
1342 795 1390 852 est

289 903 454 968 secundam
470 923 536 966 esse
553 902 673 966 infinite
694 903 838 967 maiorem
857 925 950 987 quam
965 903 1073 988 prima.
1119 901 1222 979 Quare
1237 900 1328 966 series
1342 899 1391 964 in·

288 1012 375 1077 finita
388 1036 585 1078 numerorum
596 1013 781 1079 naturalium
794 1015 930 1078 eontinet
941 1014 1088 1078 infinities
1099 1013 1235 1078 infinitas
1246 1012 1392 1090 unitates,

289 1134 320 1189 et
335 1132 382 1190 eat
395 1124 552 1190 infinitum
568 1125 693 1189 secundi
708 1125 844 1190 ordinis:
868 1124 950 1210 quod
968 1125 1037 1189 ideo
1057 1132 1141 1205 noto,
1157 1124 1229 1210 quia
1249 1123 1333 1188 ducit
1352 1121 1392 1187 ad

291 1236 471 1302 solutionem
492 1235 696 1321 quarumdam
719 1235 944 1315 difficultatum,
960 1235 997 1301 de
1013 1236 1125 1321 quibus
1140 1243 1255 1320 postea.
1300 1233 1392 1298 Simi-

290 1347 360 1413 liter
380 1347 552 1434 superfioies
571 1347 692 1412 infinita
713 1347 882 1412 secundum
902 1347 1032 1432 longum
1049 1356 1081 1412 et
1100 1346 1198 1411 latum
1213 1358 1259 1410 est
1274 1345 1393 1410 infinite

292 1459 388 1524 maior
411 1459 569 1544 superficie
593 1458 714 1523 infinite
737 1457 831 1543 longa
853 1467 884 1523 et
910 1458 1005 1523 finitae
1027 1458 1209 1523 latitudinis.
1255 1457 1395 1522 Solidum

291 1593 371 1650 vero,
382 1570 469 1634 euius
484 1592 546 1634 una
561 1570 625 1635 sola
639 1569 789 1634 dimensio
801 1570 841 1634 sit
849 1569 971 1635 infinita
983 1578 1029 1634 ert
1041 1570 1161 1634 infinite
1172 1569 1275 1634 minus
1287 1567 1394 1646 solido,

292 1683 380 1745 cuius
396 1680 463 1745 duae
478 1680 683 1746 dimensiones
699 1690 772 1746 sunt
786 1681 928 1760 infinitae,
943 1689 975 1745 et
989 1680 1136 1745 infinities
1155 1680 1275 1744 infinite
1292 1679 1396 1742 minus

294 1791 391 1856 solido
405 1791 493 1856 cuius
507 1799 570 1856 tres
585 1792 790 1857 dimensiones
806 1793 868 1858 sint
883 1793 1021 1857 infinitae.
1067 1791 1128 1857 Sed
1142 1793 1206 1858 haec
1222 1791 1297 1857 satis
1316 1790 1397 1855 clara

296 1911 380 1967 sunt.
439 1991 441 1998 y
491 1889 494 1896 ¹

338 2017 392 2080 81.
416 2013 571 2092 Quaeritur
586 2015 725 2101 septimo,
737 2025 837 2081 utrum
845 2018 943 2100 possit
958 2016 1028 2080 addi
1041 2015 1190 2100 infinitum
1204 2014 1320 2099 infinito
1334 2016 1397 2080 aine

294 2128 455 2190 mutatione
469 2124 613 2210 apecrflco,
629 2133 658 2189 et
669 2148 733 2190 cum
747 2127 811 2189 aolo
826 2128 987 2190 mutatione
1001 2126 1183 2190 ocddentoli.

339 2235 521 2320 Respondeo
538 2236 724 2301 affirmative.
769 2236 810 2299 Et
831 2235 954 2320 quidem
975 2235 1077 2321 quoad
1096 2235 1232 2320 primum
1246 2235 1315 2299 vide
1330 2257 1398 2319 quae

296 2348 428 2412 diximus
450 2369 544 2433 supra
565 2351 611 2432 (n.
630 2350 669 2411 15
685 2355 717 2412 et
730 2348 785 2430 20)
811 2347 849 2411 de
871 2347 1029 2432 superficie
1046 2348 1168 2411 infinita
1182 2347 1314 2412 habente
1328 2346 1398 2409 lati·

296 2461 436 2525 tudinem
458 2483 477 2525 o
494 2459 683 2524 mutabilem.
729 2459 853 2523 Mutata
872 2468 973 2524 autem
989 2483 1007 2523 o
1021 2459 1055 2523 in
1070 2461 1122 2539 2α,
1137 2460 1188 2539 3o,
1202 2507 1210 2523 .
1224 2506 1232 2522 .
1246 2507 1253 2523 .
1268 2505 1277 2524 .
1292 2458 1400 2524 erescit

297 2569 469 2655 superficies
491 2578 522 2633 et
541 2569 576 2633 fit
598 2569 702 2654 dupla,
718 2568 810 2654 tripla
829 2579 908 2636 etc:
932 2570 965 2635 id
987 2580 1108 2636 estnon
1123 2579 1261 2636 mutatur
1275 2580 1398 2635 tantum

297 2680 531 2760 accidentaliter,
541 2680 594 2745 sed
603 2679 853 2760 substantialiter,
862 2681 934 2748 licet
943 2682 1111 2748 secundum
1121 2683 1280 2748 materiam
1289 2682 1398 2762 solum,

298 2817 360 2858 non
376 2792 543 2857 seeundum
558 2791 686 2856 formam
702 2791 874 2857 infinitatis.

343 2902 453 2981 Quoad
475 2903 654 2983 secundum,
668 2912 743 2968 tuno
766 2903 922 2968 infinitum
936 2926 991 2988 per
1005 2903 1192 2969 additionem
1207 2904 1321 2969 infiniti
1336 2926 1398 2968 non

300 3024 438 3080 mutatur
451 3014 511 3078 nisi
525 3014 759 3094 accidentaliter,
775 3015 898 3101 quando
913 3015 1034 3080 infinito
1054 3016 1169 3080 altioris
1184 3016 1300 3082 ordinis
1314 3016 1400 3080 addi·

300 3136 352 3190 tur
366 3125 521 3190 infinitum
536 3125 687 3190 inferioris
702 3127 827 3190 ordinis.
871 3125 987 3190 Eadem
1002 3127 1085 3190 enim
1100 3136 1147 3191 est
1161 3129 1238 3192 ratio
1253 3127 1344 3212 primi
1361 3126 1401 3191 ad

302 3236 470 3302 seeundum
485 3257 519 3300 ac
534 3235 647 3301 infiniti
662 3237 839 3322 simpliciter
853 3237 893 3301 ad
907 3237 1041 3302 finitum.
1080 3238 1177 3323 Atqui
1193 3237 1308 3303 additio
1322 3238 1401 3302 finiti

301 3371 365 3414 non
379 3356 479 3412 mutat
494 3348 554 3412 nisi
569 3347 793 3412 accidentaliter
810 3348 976 3428 infinitum,
993 3357 1028 3414 ut
1046 3372 1138 3433 supra
1157 3358 1316 3414 ostensum
1335 3357 1381 3413 est
1390 3375 1401 3429 ς

301 3483 374 3544 ergo
394 3460 486 3524 etiam
509 3458 624 3524 additio
643 3459 927 3524 infiniti⁴inferioris
945 3460 1060 3524 ordinis
1079 3482 1143 3524 non
1157 3461 1218 3524 nisi
1232 3460 1401 3525 accidenta-

302 3573 372 3636 liter
395 3578 496 3634 mutat
517 3569 675 3634 infinitum
699 3569 813 3634 altioris
836 3569 971 3636 ordinis:
996 3570 1079 3634 unde
1101 3578 1149 3635 est
1174 3570 1258 3655 quod
1283 3571 1402 3635 mathe-

302 3685 406 3749 matici
420 3683 584 3768 negligunt
599 3683 719 3748 infinita
733 3683 825 3768 primi
843 3683 958 3747 ordinis
980 3683 1013 3747 in
1036 3683 1260 3767 comparatione
1282 3683 1322 3747 ad
1343 3683 1405 3748 alia

302 3797 417 3862 ordinis
432 3796 603 3882 superioria.
648 3797 690 3859 Et
701 3795 811 3860 veritas
820 3796 884 3860 haee
893 3796 930 3859 ad
943 3796 1065 3860 oculum
1076 3796 1203 3880 patebit,
1214 3797 1240 3861 si
1250 3796 1402 3861 addantur

303 3909 395 3976 simul
411 3908 478 3973 duae
494 3907 584 3972 series
599 3907 727 3972 infinitae
741 3930 809 3993 quae
824 3916 994 3992 sequuntur

651 4021 968 4091 l†2†3†4†5†
978 4065 1094 4084 ······
1106 4067 1116 4098 r

588 4133 971 4203 1÷1÷1÷1÷1÷1÷
980 4176 1096 4197 ······
1108 4178 1118 4209 ι

302 4267 432 4331 quarum
448 4241 546 4328 prima
560 4251 608 4306 est
623 4242 768 4307 infinities
783 4241 912 4322 infinita,
929 4242 1062 4308 secunda
1076 4242 1254 4328 simpliciter
1270 4243 1401 4308 infinita.

303 4357 431 4420 Summa
445 4354 528 4418 enim
542 4353 600 4416 erit
651 4375 655 4384 ’
