<?xml version="1.0" encoding="UTF-8"?>
<!DOCTYPE html PUBLIC "-//W3C//DTD XHTML 1.0 Transitional//EN"
    "http://www.w3.org/TR/xhtml1/DTD/xhtml1-transitional.dtd">
<html xmlns="http://www.w3.org/1999/xhtml" xml:lang="en" lang="en">
 <head>
  <title>
</title>
<meta http-equiv="Content-Type" content="text/html;charset=utf-8" />
  <meta name='ocr-system' content='tesseract 3.04.00' />
  <meta name='ocr-capabilities' content='ocr_page ocr_carea ocr_par ocr_line ocrx_word'/>
</head>
<body>
  <div class='ocr_page' id='page_1' title='image "./realisphilosoph01baymgoog_0241.png"; bbox 0 0 3222 4984; ppageno 0'>
   <div class='ocr_carea' id='block_1_1' title="bbox 289 361 1390 448">
    <p class='ocr_par' dir='ltr' id='par_1_1' title="bbox 289 361 1390 448">
     <span class='ocr_line' id='line_1_1' title="bbox 289 361 1390 448; baseline -0.003 -22"><span class='ocrx_word' id='word_1_1' title='bbox 289 361 355 426; x_wconf 77' lang='lat'>226</span> <span class='ocrx_word' id='word_1_2' title='bbox 732 382 775 426; x_wconf 82' lang='lat' dir='ltr'>na</span> <span class='ocrx_word' id='word_1_3' title='bbox 792 382 958 428; x_wconf 72' lang='lat' dir='ltr'>maranno.</span> <span class='ocrx_word' id='word_1_4' title='bbox 1234 365 1318 448; x_wconf 75' lang='lat' dir='ltr'>[oar.</span> <span class='ocrx_word' id='word_1_5' title='bbox 1335 383 1390 428; x_wconf 90' lang='lat'>111.</span> 
     </span>
    </p>
   </div>
   <div class='ocr_carea' id='block_1_2' title="bbox 242 551 1389 4222">
    <p class='ocr_par' dir='ltr' id='par_1_2' title="bbox 285 551 1389 1534">
     <span class='ocr_line' id='line_1_2' title="bbox 288 551 1389 641; baseline 0.002 -25"><span class='ocrx_word' id='word_1_6' title='bbox 288 551 391 637; x_wconf 91' lang='lat' dir='ltr'>ipsum</span> <span class='ocrx_word' id='word_1_7' title='bbox 405 553 531 618; x_wconf 76' lang='lat' dir='ltr'>existere</span> <span class='ocrx_word' id='word_1_8' title='bbox 546 562 582 619; x_wconf 91' lang='lat' dir='ltr'>nt</span> <span class='ocrx_word' id='word_1_9' title='bbox 593 553 638 620; x_wconf 90' lang='lat' dir='ltr'>sio</span> <span class='ocrx_word' id='word_1_10' title='bbox 653 563 807 636; x_wconf 80' lang='lat' dir='ltr'>creaturae,</span> <span class='ocrx_word' id='word_1_11' title='bbox 818 554 872 620; x_wconf 87' lang='lat' dir='ltr'>sed</span> <span class='ocrx_word' id='word_1_12' title='bbox 885 563 933 621; x_wconf 88' lang='lat' dir='ltr'>est</span> <span class='ocrx_word' id='word_1_13' title='bbox 947 554 1065 641; x_wconf 89' lang='lat' dir='ltr'>aliquid</span> <span class='ocrx_word' id='word_1_14' title='bbox 1078 555 1280 621; x_wconf 70' lang='lat' dir='ltr'>essentialiter</span> <span class='ocrx_word' id='word_1_15' title='bbox 1293 554 1389 620; x_wconf 75' lang='lat' dir='ltr'>msul-</span> 
     </span>
     <span class='ocr_line' id='line_1_3' title="bbox 287 665 1389 753; baseline 0.004 -27"><span class='ocrx_word' id='word_1_16' title='bbox 287 671 358 727; x_wconf 88' lang='lat' dir='ltr'>tens</span> <span class='ocrx_word' id='word_1_17' title='bbox 373 687 410 728; x_wconf 93' lang='lat' dir='ltr'>ex</span> <span class='ocrx_word' id='word_1_18' title='bbox 423 665 541 730; x_wconf 69' lang='lat' dir='ltr'>wdone</span> <span class='ocrx_word' id='word_1_19' title='bbox 552 667 665 732; x_wconf 85' lang='lat' dir='ltr'>motiva</span> <span class='ocrx_word' id='word_1_20' title='bbox 679 675 711 732; x_wconf 91' lang='lat' dir='ltr'>et</span> <span class='ocrx_word' id='word_1_21' title='bbox 725 675 822 732; x_wconf 89' lang='lat' dir='ltr'>motu.</span> <span class='ocrx_word' id='word_1_22' title='bbox 869 667 953 732; x_wconf 89' lang='lat' dir='ltr'>Hinc</span> <span class='ocrx_word' id='word_1_23' title='bbox 973 668 1073 732; x_wconf 89' lang='lat' dir='ltr'>dicere</span> <span class='ocrx_word' id='word_1_24' title='bbox 1087 666 1171 753; x_wconf 90' lang='lat' dir='ltr'>quod</span> <span class='ocrx_word' id='word_1_25' title='bbox 1184 667 1305 734; x_wconf 88' lang='lat' dir='ltr'>infinita</span> <span class='ocrx_word' id='word_1_26' title='bbox 1316 673 1389 732; x_wconf 88' lang='lat' dir='ltr'>sunt</span> 
     </span>
     <span class='ocr_line' id='line_1_4' title="bbox 288 777 1389 865; baseline 0.005 -27"><span class='ocrx_word' id='word_1_27' title='bbox 288 781 411 840; x_wconf 79' lang='lat' dir='ltr'>tentum</span> <span class='ocrx_word' id='word_1_28' title='bbox 444 777 601 861; x_wconf 89' lang='lat' dir='ltr'>possibilia</span> <span class='ocrx_word' id='word_1_29' title='bbox 627 779 792 844; x_wconf 80' lang='lat' dir='ltr'>successive</span> <span class='ocrx_word' id='word_1_30' title='bbox 814 787 861 844; x_wconf 87' lang='lat' dir='ltr'>est</span> <span class='ocrx_word' id='word_1_31' title='bbox 887 778 986 845; x_wconf 90' lang='lat' dir='ltr'>dicere</span> <span class='ocrx_word' id='word_1_32' title='bbox 1003 779 1087 865; x_wconf 87' lang='lat' dir='ltr'>quod</span> <span class='ocrx_word' id='word_1_33' title='bbox 1101 801 1167 844; x_wconf 91' lang='lat' dir='ltr'>esse</span> <span class='ocrx_word' id='word_1_34' title='bbox 1189 778 1389 844; x_wconf 76' lang='lat' dir='ltr'>substantiale</span> 
     </span>
     <span class='ocr_line' id='line_1_5' title="bbox 287 885 1388 976; baseline 0.006 -27"><span class='ocrx_word' id='word_1_35' title='bbox 287 885 477 969; x_wconf 81' lang='lat' dir='ltr'>possibilium</span> <span class='ocrx_word' id='word_1_36' title='bbox 493 889 643 976; x_wconf 83' lang='lat' dir='ltr'>dependet</span> <span class='ocrx_word' id='word_1_37' title='bbox 654 890 692 958; x_wconf 88' lang='lat' dir='ltr'>ab</span> <span class='ocrx_word' id='word_1_38' title='bbox 707 890 826 955; x_wconf 86' lang='lat' dir='ltr'>actione</span> <span class='ocrx_word' id='word_1_39' title='bbox 840 890 954 955; x_wconf 85' lang='lat' dir='ltr'>motiva</span> <span class='ocrx_word' id='word_1_40' title='bbox 963 898 994 955; x_wconf 91' lang='lat' dir='ltr'>et</span> <span class='ocrx_word' id='word_1_41' title='bbox 1004 899 1092 954; x_wconf 92' lang='lat' dir='ltr'>motu</span> <span class='ocrx_word' id='word_1_42' title='bbox 1103 891 1165 955; x_wconf 90' lang='lat' dir='ltr'>iam</span> <span class='ocrx_word' id='word_1_43' title='bbox 1179 891 1388 956; x_wconf 85' lang='lat' dir='ltr'>existentium:</span> 
     </span>
     <span class='ocr_line' id='line_1_6' title="bbox 287 1000 1389 1091; baseline 0.005 -27"><span class='ocrx_word' id='word_1_44' title='bbox 287 1000 371 1084; x_wconf 91' lang='lat' dir='ltr'>quod</span> <span class='ocrx_word' id='word_1_45' title='bbox 385 1010 508 1068; x_wconf 89' lang='lat' dir='ltr'>estnon</span> <span class='ocrx_word' id='word_1_46' title='bbox 523 1004 623 1068; x_wconf 91' lang='lat' dir='ltr'>solum</span> <span class='ocrx_word' id='word_1_47' title='bbox 638 1005 818 1089; x_wconf 86' lang='lat' dir='ltr'>gratuitum,</span> <span class='ocrx_word' id='word_1_48' title='bbox 829 1003 882 1068; x_wconf 93' lang='lat' dir='ltr'>sed</span> <span class='ocrx_word' id='word_1_49' title='bbox 897 1005 989 1070; x_wconf 83' lang='lat' dir='ltr'>etiam</span> <span class='ocrx_word' id='word_1_50' title='bbox 1004 1013 1110 1070; x_wconf 91' lang='lat' dir='ltr'>contra</span> <span class='ocrx_word' id='word_1_51' title='bbox 1124 1004 1272 1070; x_wconf 88' lang='lat' dir='ltr'>rationem</span> <span class='ocrx_word' id='word_1_52' title='bbox 1284 1031 1294 1085; x_wconf 80' lang='lat'>3</span> <span class='ocrx_word' id='word_1_53' title='bbox 1316 1006 1389 1091; x_wconf 89' lang='lat' dir='ltr'>quia</span> 
     </span>
     <span class='ocr_line' id='line_1_7' title="bbox 286 1113 1389 1196; baseline 0.005 -20"><span class='ocrx_word' id='word_1_54' title='bbox 286 1113 413 1196; x_wconf 86' lang='lat' dir='ltr'>ponitur</span> <span class='ocrx_word' id='word_1_55' title='bbox 434 1115 546 1180; x_wconf 77' lang='lat' dir='ltr'>entitas</span> <span class='ocrx_word' id='word_1_56' title='bbox 569 1115 710 1182; x_wconf 80' lang='lat' dir='ltr'>absoluta</span> <span class='ocrx_word' id='word_1_57' title='bbox 735 1117 829 1181; x_wconf 89' lang='lat' dir='ltr'>unius</span> <span class='ocrx_word' id='word_1_58' title='bbox 853 1115 1032 1180; x_wconf 71' lang='lat' dir='ltr'>substantia</span> <span class='ocrx_word' id='word_1_59' title='bbox 1057 1117 1226 1181; x_wconf 88' lang='lat' dir='ltr'>necessario</span> <span class='ocrx_word' id='word_1_60' title='bbox 1250 1117 1389 1182; x_wconf 88' lang='lat' dir='ltr'>connecti</span> 
     </span>
     <span class='ocr_line' id='line_1_8' title="bbox 287 1225 1389 1313; baseline 0.005 -26"><span class='ocrx_word' id='word_1_61' title='bbox 287 1243 359 1288; x_wconf 88' lang='lat' dir='ltr'>cum</span> <span class='ocrx_word' id='word_1_62' title='bbox 374 1225 502 1291; x_wconf 86' lang='lat' dir='ltr'>eutitate</span> <span class='ocrx_word' id='word_1_63' title='bbox 516 1225 694 1291; x_wconf 86' lang='lat' dir='ltr'>accidentali</span> <span class='ocrx_word' id='word_1_64' title='bbox 708 1235 739 1292; x_wconf 93' lang='lat' dir='ltr'>et</span> <span class='ocrx_word' id='word_1_65' title='bbox 754 1227 879 1292; x_wconf 89' lang='lat' dir='ltr'>relativa</span> <span class='ocrx_word' id='word_1_66' title='bbox 901 1225 1026 1293; x_wconf 89' lang='lat' dir='ltr'>alterius</span> <span class='ocrx_word' id='word_1_67' title='bbox 1041 1227 1230 1308; x_wconf 82' lang='lat' dir='ltr'>substantiae,</span> <span class='ocrx_word' id='word_1_68' title='bbox 1245 1228 1328 1313; x_wconf 91' lang='lat' dir='ltr'>quod</span> <span class='ocrx_word' id='word_1_69' title='bbox 1342 1236 1389 1293; x_wconf 89' lang='lat' dir='ltr'>est</span> 
     </span>
     <span class='ocr_line' id='line_1_9' title="bbox 286 1333 1388 1428; baseline 0.005 -29"><span class='ocrx_word' id='word_1_70' title='bbox 286 1333 465 1402; x_wconf 90' lang='lat' dir='ltr'>absurdum.</span> <span class='ocrx_word' id='word_1_71' title='bbox 509 1338 678 1424; x_wconf 90' lang='lat' dir='ltr'>Nequeunt</span> <span class='ocrx_word' id='word_1_72' title='bbox 700 1360 774 1424; x_wconf 91' lang='lat' dir='ltr'>ergo</span> <span class='ocrx_word' id='word_1_73' title='bbox 796 1337 960 1404; x_wconf 87' lang='lat' dir='ltr'>adversarii</span> <span class='ocrx_word' id='word_1_74' title='bbox 982 1337 1134 1405; x_wconf 87' lang='lat' dir='ltr'>declinare</span> <span class='ocrx_word' id='word_1_75' title='bbox 1155 1339 1287 1428; x_wconf 89' lang='lat' dir='ltr'>primam</span> <span class='ocrx_word' id='word_1_76' title='bbox 1310 1341 1388 1404; x_wconf 85' lang='lat' dir='ltr'>hanc</span> 
     </span>
     <span class='ocr_line' id='line_1_10' title="bbox 285 1445 1004 1534; baseline 0.004 -24"><span class='ocrx_word' id='word_1_77' title='bbox 285 1445 497 1530; x_wconf 77' lang='lat' dir='ltr'>probationem</span> <span class='ocrx_word' id='word_1_78' title='bbox 512 1471 566 1534; x_wconf 90' lang='lat' dir='ltr'>per</span> <span class='ocrx_word' id='word_1_79' title='bbox 580 1449 658 1514; x_wconf 93' lang='lat' dir='ltr'>illud</span> <span class='ocrx_word' id='word_1_80' title='bbox 672 1472 786 1515; x_wconf 81' lang='lat' dir='ltr'>vanum</span> <span class='ocrx_word' id='word_1_81' title='bbox 801 1449 960 1534; x_wconf 55' lang='lat' dir='ltr'>effugium,</span> <span class='ocrx_word' id='word_1_82' title='bbox 1001 1509 1004 1514; x_wconf 16' lang='grc' dir='ltr'><strong>Α</strong></span> 
     </span>
    </p>

    <p class='ocr_par' dir='ltr' id='par_1_3' title="bbox 242 1560 1388 4222">
     <span class='ocr_line' id='line_1_11' title="bbox 330 1560 1388 1648; baseline 0.003 -24"><span class='ocrx_word' id='word_1_83' title='bbox 330 1560 480 1640; x_wconf 76' lang='lat' dir='ltr'>Seesmdo,</span> <span class='ocrx_word' id='word_1_84' title='bbox 504 1563 720 1647; x_wconf 89' lang='lat' dir='ltr'>concipiuntur</span> <span class='ocrx_word' id='word_1_85' title='bbox 743 1561 781 1627; x_wconf 91' lang='lat' dir='ltr'>de</span> <span class='ocrx_word' id='word_1_86' title='bbox 803 1563 884 1627; x_wconf 85' lang='lat' dir='ltr'>facto</span> <span class='ocrx_word' id='word_1_87' title='bbox 916 1561 1095 1646; x_wconf 83' lang='lat' dir='ltr'>negationes</span> <span class='ocrx_word' id='word_1_88' title='bbox 1121 1560 1260 1628; x_wconf 83' lang='lat' dir='ltr'>infinitae.</span> <span class='ocrx_word' id='word_1_89' title='bbox 1304 1562 1388 1648; x_wconf 78' lang='lat' dir='ltr'>Ergo</span> 
     </span>
     <span class='ocr_line' id='line_1_12' title="bbox 284 1673 1387 1760; baseline 0.004 -26"><span class='ocrx_word' id='word_1_90' title='bbox 284 1692 348 1735; x_wconf 93' lang='lat' dir='ltr'>non</span> <span class='ocrx_word' id='word_1_91' title='bbox 364 1681 516 1757; x_wconf 89' lang='lat' dir='ltr'>repugnat</span> <span class='ocrx_word' id='word_1_92' title='bbox 530 1674 657 1738; x_wconf 86' lang='lat' dir='ltr'>actualis</span> <span class='ocrx_word' id='word_1_93' title='bbox 672 1673 839 1738; x_wconf 87' lang='lat' dir='ltr'>multitudo</span> <span class='ocrx_word' id='word_1_94' title='bbox 859 1673 991 1738; x_wconf 85' lang='lat' dir='ltr'>infinita.</span> <span class='ocrx_word' id='word_1_95' title='bbox 1036 1673 1130 1754; x_wconf 85' lang='lat' dir='ltr'>Nam,</span> <span class='ocrx_word' id='word_1_96' title='bbox 1146 1695 1244 1760; x_wconf 89' lang='lat' dir='ltr'>quum</span> <span class='ocrx_word' id='word_1_97' title='bbox 1259 1675 1387 1760; x_wconf 80' lang='lat' dir='ltr'>possibi-</span> 
     </span>
     <span class='ocr_line' id='line_1_13' title="bbox 283 1781 1387 1869; baseline 0.004 -23"><span class='ocrx_word' id='word_1_98' title='bbox 283 1781 325 1847; x_wconf 87' lang='lat' dir='ltr'>lia</span> <span class='ocrx_word' id='word_1_99' title='bbox 347 1783 409 1849; x_wconf 86' lang='lat' dir='ltr'>sint</span> <span class='ocrx_word' id='word_1_100' title='bbox 426 1785 557 1865; x_wconf 84' lang='lat' dir='ltr'>infinita,</span> <span class='ocrx_word' id='word_1_101' title='bbox 580 1785 702 1850; x_wconf 89' lang='lat' dir='ltr'>infinita</span> <span class='ocrx_word' id='word_1_102' title='bbox 722 1792 796 1849; x_wconf 91' lang='lat' dir='ltr'>sunt</span> <span class='ocrx_word' id='word_1_103' title='bbox 819 1805 950 1869; x_wconf 89' lang='lat' dir='ltr'>quonum</span> <span class='ocrx_word' id='word_1_104' title='bbox 974 1782 1101 1848; x_wconf 83' lang='lat' dir='ltr'>actualis</span> <span class='ocrx_word' id='word_1_105' title='bbox 1126 1783 1288 1850; x_wconf 81' lang='lat' dir='ltr'>existentia</span> <span class='ocrx_word' id='word_1_106' title='bbox 1316 1794 1387 1850; x_wconf 88' lang='lat' dir='ltr'>actu</span> 
     </span>
     <span class='ocr_line' id='line_1_14' title="bbox 282 1887 1386 1982; baseline 0.002 -23"><span class='ocrx_word' id='word_1_107' title='bbox 282 1895 425 1978; x_wconf 84' lang='lat' dir='ltr'>neganda</span> <span class='ocrx_word' id='word_1_108' title='bbox 444 1903 500 1960; x_wconf 90' lang='lat' dir='ltr'>est.</span> <span class='ocrx_word' id='word_1_109' title='bbox 545 1896 587 1960; x_wconf 81' lang='lat' dir='ltr'>Et</span> <span class='ocrx_word' id='word_1_110' title='bbox 608 1896 680 1961; x_wconf 87' lang='lat' dir='ltr'>lieet</span> <span class='ocrx_word' id='word_1_111' title='bbox 697 1895 820 1982; x_wconf 90' lang='lat' dir='ltr'>negatio</span> <span class='ocrx_word' id='word_1_112' title='bbox 842 1887 1026 1960; x_wconf 87' lang='lat' dir='ltr'>extensionis</span> <span class='ocrx_word' id='word_1_113' title='bbox 1046 1916 1110 1959; x_wconf 91' lang='lat' dir='ltr'>non</span> <span class='ocrx_word' id='word_1_114' title='bbox 1131 1895 1171 1959; x_wconf 91' lang='lat' dir='ltr'>sit</span> <span class='ocrx_word' id='word_1_115' title='bbox 1186 1896 1331 1976; x_wconf 85' lang='lat' dir='ltr'>extensio,</span> <span class='ocrx_word' id='word_1_116' title='bbox 1354 1907 1386 1962; x_wconf 87' lang='lat' dir='ltr'>et</span> 
     </span>
     <span class='ocr_line' id='line_1_15' title="bbox 283 2005 1384 2094; baseline 0.005 -25"><span class='ocrx_word' id='word_1_117' title='bbox 283 2005 407 2090; x_wconf 88' lang='lat' dir='ltr'>negatio</span> <span class='ocrx_word' id='word_1_118' title='bbox 423 2007 544 2071; x_wconf 89' lang='lat' dir='ltr'>numeri</span> <span class='ocrx_word' id='word_1_119' title='bbox 562 2029 625 2071; x_wconf 90' lang='lat' dir='ltr'>non</span> <span class='ocrx_word' id='word_1_120' title='bbox 648 2007 688 2071; x_wconf 89' lang='lat' dir='ltr'>sit</span> <span class='ocrx_word' id='word_1_121' title='bbox 706 2029 863 2086; x_wconf 85' lang='lat' dir='ltr'>numerus,</span> <span class='ocrx_word' id='word_1_122' title='bbox 878 2016 983 2071; x_wconf 88' lang='lat' dir='ltr'>tamen</span> <span class='ocrx_word' id='word_1_123' title='bbox 1005 2014 1068 2070; x_wconf 87' lang='lat' dir='ltr'>tres</span> <span class='ocrx_word' id='word_1_124' title='bbox 1087 2007 1277 2092; x_wconf 83' lang='lat' dir='ltr'>negationes,</span> <span class='ocrx_word' id='word_1_125' title='bbox 1292 2031 1321 2076; x_wconf 86' lang='lat' dir='ltr'>v.</span> <span class='ocrx_word' id='word_1_126' title='bbox 1337 2031 1384 2094; x_wconf 88' lang='lat' dir='ltr'>gr.</span> 
     </span>
     <span class='ocr_line' id='line_1_16' title="bbox 282 2118 1383 2205; baseline 0.005 -25"><span class='ocrx_word' id='word_1_127' title='bbox 282 2118 407 2202; x_wconf 89' lang='lat' dir='ltr'>negatio</span> <span class='ocrx_word' id='word_1_128' title='bbox 433 2119 513 2204; x_wconf 90' lang='lat' dir='ltr'>equi,</span> <span class='ocrx_word' id='word_1_129' title='bbox 538 2118 644 2200; x_wconf 91' lang='lat' dir='ltr'>leonis,</span> <span class='ocrx_word' id='word_1_130' title='bbox 676 2118 795 2205; x_wconf 81' lang='lat' dir='ltr'>aquilae,</span> <span class='ocrx_word' id='word_1_131' title='bbox 819 2118 986 2183; x_wconf 88' lang='lat' dir='ltr'>conficiunt</span> <span class='ocrx_word' id='word_1_132' title='bbox 1021 2139 1186 2183; x_wconf 87' lang='lat' dir='ltr'>numerum</span> <span class='ocrx_word' id='word_1_133' title='bbox 1217 2119 1383 2185; x_wconf 89' lang='lat' dir='ltr'>ternarium</span> 
     </span>
     <span class='ocr_line' id='line_1_17' title="bbox 281 2228 1383 2316; baseline 0.005 -23"><span class='ocrx_word' id='word_1_134' title='bbox 281 2230 389 2296; x_wconf 89' lang='lat' dir='ltr'>eodem</span> <span class='ocrx_word' id='word_1_135' title='bbox 414 2253 539 2316; x_wconf 89' lang='lat' dir='ltr'>prorsus</span> <span class='ocrx_word' id='word_1_136' title='bbox 564 2230 656 2296; x_wconf 92' lang='lat' dir='ltr'>modo</span> <span class='ocrx_word' id='word_1_137' title='bbox 673 2251 736 2316; x_wconf 92' lang='lat' dir='ltr'>quo</span> <span class='ocrx_word' id='word_1_138' title='bbox 757 2253 807 2294; x_wconf 88' lang='lat' dir='ltr'>res</span> <span class='ocrx_word' id='word_1_139' title='bbox 826 2230 910 2315; x_wconf 88' lang='lat' dir='ltr'>ipsae,</span> <span class='ocrx_word' id='word_1_140' title='bbox 924 2229 959 2293; x_wconf 88' lang='lat' dir='ltr'>id</span> <span class='ocrx_word' id='word_1_141' title='bbox 976 2237 1024 2293; x_wconf 91' lang='lat' dir='ltr'>est</span> <span class='ocrx_word' id='word_1_142' title='bbox 1040 2251 1148 2314; x_wconf 88' lang='lat' dir='ltr'>equus,</span> <span class='ocrx_word' id='word_1_143' title='bbox 1163 2228 1211 2294; x_wconf 92' lang='lat' dir='ltr'>leo</span> <span class='ocrx_word' id='word_1_144' title='bbox 1225 2239 1257 2294; x_wconf 92' lang='lat' dir='ltr'>et</span> <span class='ocrx_word' id='word_1_145' title='bbox 1272 2231 1383 2316; x_wconf 87' lang='lat' dir='ltr'>aquila.</span> 
     </span>
     <span class='ocr_line' id='line_1_18' title="bbox 281 2339 1384 2428; baseline 0.002 -22"><span class='ocrx_word' id='word_1_146' title='bbox 281 2342 365 2407; x_wconf 88' lang='lat' dir='ltr'>Hinc</span> <span class='ocrx_word' id='word_1_147' title='bbox 384 2353 508 2428; x_wconf 88' lang='lat' dir='ltr'>peccata</span> <span class='ocrx_word' id='word_1_148' title='bbox 528 2344 691 2408; x_wconf 64' lang='lat' dir='ltr'>ammeionie</span> <span class='ocrx_word' id='word_1_149' title='bbox 710 2364 874 2406; x_wconf 88' lang='lat' dir='ltr'>numerum</span> <span class='ocrx_word' id='word_1_150' title='bbox 900 2340 1045 2419; x_wconf 90' lang='lat' dir='ltr'>efficiunt,</span> <span class='ocrx_word' id='word_1_151' title='bbox 1072 2340 1146 2405; x_wconf 90' lang='lat' dir='ltr'>item</span> <span class='ocrx_word' id='word_1_152' title='bbox 1174 2339 1313 2406; x_wconf 89' lang='lat' dir='ltr'>debitum</span> <span class='ocrx_word' id='word_1_153' title='bbox 1335 2343 1384 2408; x_wconf 89' lang='lat' dir='ltr'>vel</span> 
     </span>
     <span class='ocr_line' id='line_1_19' title="bbox 281 2451 1383 2538; baseline 0 -20"><span class='ocrx_word' id='word_1_154' title='bbox 281 2454 414 2518; x_wconf 83' lang='lat' dir='ltr'>carentia</span> <span class='ocrx_word' id='word_1_155' title='bbox 429 2452 555 2518; x_wconf 87' lang='lat' dir='ltr'>actualis</span> <span class='ocrx_word' id='word_1_156' title='bbox 570 2452 653 2518; x_wconf 90' lang='lat' dir='ltr'>mille</span> <span class='ocrx_word' id='word_1_157' title='bbox 668 2475 830 2517; x_wconf 87' lang='lat' dir='ltr'>aureorum</span> <span class='ocrx_word' id='word_1_158' title='bbox 844 2462 909 2516; x_wconf 91' lang='lat' dir='ltr'>tam</span> <span class='ocrx_word' id='word_1_159' title='bbox 924 2451 1006 2515; x_wconf 90' lang='lat' dir='ltr'>cadit</span> <span class='ocrx_word' id='word_1_160' title='bbox 1018 2451 1075 2516; x_wconf 91' lang='lat' dir='ltr'>sub</span> <span class='ocrx_word' id='word_1_161' title='bbox 1091 2451 1281 2517; x_wconf 86' lang='lat' dir='ltr'>arithmetica</span> <span class='ocrx_word' id='word_1_162' title='bbox 1290 2476 1383 2538; x_wconf 88' lang='lat' dir='ltr'>quam</span> 
     </span>
     <span class='ocr_line' id='line_1_20' title="bbox 279 2562 1382 2652; baseline 0.001 -22"><span class='ocrx_word' id='word_1_163' title='bbox 279 2566 337 2652; x_wconf 91' lang='lat' dir='ltr'>ipsi</span> <span class='ocrx_word' id='word_1_164' title='bbox 352 2567 436 2631; x_wconf 90' lang='lat' dir='ltr'>mille</span> <span class='ocrx_word' id='word_1_165' title='bbox 450 2567 533 2632; x_wconf 88' lang='lat' dir='ltr'>aurei</span> <span class='ocrx_word' id='word_1_166' title='bbox 548 2566 602 2652; x_wconf 90' lang='lat' dir='ltr'>qui</span> <span class='ocrx_word' id='word_1_167' title='bbox 616 2573 687 2630; x_wconf 88' lang='lat' dir='ltr'>actu</span> <span class='ocrx_word' id='word_1_168' title='bbox 701 2565 923 2650; x_wconf 82' lang='lat' dir='ltr'>possideantur.</span> <span class='ocrx_word' id='word_1_169' title='bbox 968 2562 1052 2648; x_wconf 81' lang='lat' dir='ltr'>Ergo</span> <span class='ocrx_word' id='word_1_170' title='bbox 1071 2563 1240 2628; x_wconf 89' lang='lat' dir='ltr'>multitudo</span> <span class='ocrx_word' id='word_1_171' title='bbox 1254 2566 1382 2631; x_wconf 88' lang='lat' dir='ltr'>actualis</span> 
     </span>
     <span class='ocr_line' id='line_1_21' title="bbox 278 2658 1381 2764; baseline -0.001 -21"><span class='ocrx_word' id='word_1_172' title='bbox 278 2679 477 2764; x_wconf 85' lang='lat' dir='ltr'>negationum</span> <span class='ocrx_word' id='word_1_173' title='bbox 503 2677 664 2743; x_wconf 89' lang='lat' dir='ltr'>constituit</span> <span class='ocrx_word' id='word_1_174' title='bbox 687 2699 756 2742; x_wconf 88' lang='lat' dir='ltr'>vere</span> <span class='ocrx_word' id='word_1_175' title='bbox 781 2658 1031 2740; x_wconf 86' lang='lat' dir='ltr'>multitudinem:</span> <span class='ocrx_word' id='word_1_176' title='bbox 1065 2683 1096 2739; x_wconf 89' lang='lat' dir='ltr'>et</span> <span class='ocrx_word' id='word_1_177' title='bbox 1119 2675 1188 2739; x_wconf 87' lang='lat' dir='ltr'>ideo</span> <span class='ocrx_word' id='word_1_178' title='bbox 1212 2677 1238 2740; x_wconf 89' lang='lat' dir='ltr'>si</span> <span class='ocrx_word' id='word_1_179' title='bbox 1262 2678 1381 2762; x_wconf 84' lang='lat' dir='ltr'>concipi</span> 
     </span>
     <span class='ocr_line' id='line_1_22' title="bbox 277 2787 1378 2877; baseline -0.002 -20"><span class='ocrx_word' id='word_1_180' title='bbox 277 2800 378 2877; x_wconf 89' lang='lat' dir='ltr'>potest</span> <span class='ocrx_word' id='word_1_181' title='bbox 401 2791 569 2857; x_wconf 90' lang='lat' dir='ltr'>multitudo</span> <span class='ocrx_word' id='word_1_182' title='bbox 594 2789 716 2854; x_wconf 88' lang='lat' dir='ltr'>infinita</span> <span class='ocrx_word' id='word_1_183' title='bbox 738 2787 865 2855; x_wconf 84' lang='lat' dir='ltr'>actualis</span> <span class='ocrx_word' id='word_1_184' title='bbox 883 2789 1094 2873; x_wconf 80' lang='lat' dir='ltr'>negationum,</span> <span class='ocrx_word' id='word_1_185' title='bbox 1113 2787 1200 2852; x_wconf 91' lang='lat' dir='ltr'>nullo</span> <span class='ocrx_word' id='word_1_186' title='bbox 1220 2789 1314 2854; x_wconf 90' lang='lat' dir='ltr'>modo</span> <span class='ocrx_word' id='word_1_187' title='bbox 1329 2812 1378 2855; x_wconf 89' lang='lat' dir='ltr'>re·</span> 
     </span>
     <span class='ocr_line' id='line_1_23' title="bbox 275 2899 1380 2989; baseline -0.002 -21"><span class='ocrx_word' id='word_1_188' title='bbox 275 2911 396 2989; x_wconf 87' lang='lat' dir='ltr'>pugnat</span> <span class='ocrx_word' id='word_1_189' title='bbox 411 2902 578 2968; x_wconf 87' lang='lat' dir='ltr'>multitudo</span> <span class='ocrx_word' id='word_1_190' title='bbox 591 2911 664 2967; x_wconf 89' lang='lat' dir='ltr'>actu</span> <span class='ocrx_word' id='word_1_191' title='bbox 677 2899 809 2966; x_wconf 88' lang='lat' dir='ltr'>infinita.</span> <span class='ocrx_word' id='word_1_192' title='bbox 841 2899 903 2964; x_wconf 81' lang='lat' dir='ltr'>Sed</span> <span class='ocrx_word' id='word_1_193' title='bbox 917 2899 1035 2983; x_wconf 86' lang='lat' dir='ltr'>concipi</span> <span class='ocrx_word' id='word_1_194' title='bbox 1046 2906 1157 2984; x_wconf 89' lang='lat' dir='ltr'>potet.</span> <span class='ocrx_word' id='word_1_195' title='bbox 1194 2899 1287 2984; x_wconf 83' lang='lat' dir='ltr'>Ergo.</span> <span class='ocrx_word' id='word_1_196' title='bbox 1325 2901 1380 2966; x_wconf 90' lang='lat' dir='ltr'>Ad</span> 
     </span>
     <span class='ocr_line' id='line_1_24' title="bbox 274 3011 1377 3100; baseline -0.004 -19"><span class='ocrx_word' id='word_1_197' title='bbox 274 3016 460 3081; x_wconf 90' lang='lat' dir='ltr'>eludendum</span> <span class='ocrx_word' id='word_1_198' title='bbox 474 3015 533 3080; x_wconf 88' lang='lat' dir='ltr'>hoe</span> <span class='ocrx_word' id='word_1_199' title='bbox 547 3022 765 3100; x_wconf 84' lang='lat' dir='ltr'>argumentum</span> <span class='ocrx_word' id='word_1_200' title='bbox 774 3021 900 3098; x_wconf 90' lang='lat' dir='ltr'>possent</span> <span class='ocrx_word' id='word_1_201' title='bbox 914 3011 1076 3076; x_wconf 83' lang='lat' dir='ltr'>adversarii</span> <span class='ocrx_word' id='word_1_202' title='bbox 1091 3019 1197 3076; x_wconf 83' lang='lat' dir='ltr'>notare</span> <span class='ocrx_word' id='word_1_203' title='bbox 1211 3012 1291 3078; x_wconf 87' lang='lat' dir='ltr'>duo:</span> <span class='ocrx_word' id='word_1_204' title='bbox 1315 3014 1377 3098; x_wconf 90' lang='lat' dir='ltr'>pri-</span> 
     </span>
     <span class='ocr_line' id='line_1_25' title="bbox 273 3123 1379 3212; baseline -0.002 -20"><span class='ocrx_word' id='word_1_205' title='bbox 273 3149 359 3192; x_wconf 91' lang='lat' dir='ltr'>mum</span> <span class='ocrx_word' id='word_1_206' title='bbox 374 3126 457 3211; x_wconf 90' lang='lat' dir='ltr'>quod</span> <span class='ocrx_word' id='word_1_207' title='bbox 471 3127 584 3212; x_wconf 71' lang='lat' dir='ltr'>coompi</span> <span class='ocrx_word' id='word_1_208' title='bbox 594 3149 652 3190; x_wconf 81' lang='lat' dir='ltr'>noa</span> <span class='ocrx_word' id='word_1_209' title='bbox 666 3134 785 3190; x_wconf 80' lang='lat' dir='ltr'>estesse</span> <span class='ocrx_word' id='word_1_210' title='bbox 806 3134 894 3189; x_wconf 83' lang='lat' dir='ltr'>octo:</span> <span class='ocrx_word' id='word_1_211' title='bbox 918 3123 1087 3188; x_wconf 90' lang='lat' dir='ltr'>secundum</span> <span class='ocrx_word' id='word_1_212' title='bbox 1108 3123 1191 3207; x_wconf 88' lang='lat' dir='ltr'>quod</span> <span class='ocrx_word' id='word_1_213' title='bbox 1210 3127 1379 3209; x_wconf 76' lang='lat' dir='ltr'>nepotioace</span> 
     </span>
     <span class='ocr_line' id='line_1_26' title="bbox 242 3234 1375 3320; baseline 0 -18"><span class='ocrx_word' id='word_1_214' title='bbox 242 3239 245 3245; x_wconf 72' lang='grc'><strong>“</strong></span> <span class='ocrx_word' id='word_1_215' title='bbox 271 3239 329 3303; x_wconf 73' lang='lat' dir='ltr'>illc</span> <span class='ocrx_word' id='word_1_216' title='bbox 342 3248 484 3303; x_wconf 72' lang='lat' dir='ltr'>nonaum</span> <span class='ocrx_word' id='word_1_217' title='bbox 498 3239 575 3302; x_wconf 77' lang='lat' dir='ltr'>inter</span> <span class='ocrx_word' id='word_1_218' title='bbox 588 3237 809 3320; x_wconf 82' lang='lat' dir='ltr'>reepoece&#39;bilee.</span> <span class='ocrx_word' id='word_1_219' title='bbox 855 3235 916 3300; x_wconf 83' lang='lat' dir='ltr'>Sed</span> <span class='ocrx_word' id='word_1_220' title='bbox 940 3235 1028 3299; x_wconf 83' lang='lat' dir='ltr'>facile</span> <span class='ocrx_word' id='word_1_221' title='bbox 1050 3234 1271 3319; x_wconf 78' lang='lat' dir='ltr'>respondetur3</span> <span class='ocrx_word' id='word_1_222' title='bbox 1303 3259 1375 3302; x_wconf 81' lang='lat' dir='ltr'>narn</span> 
     </span>
     <span class='ocr_line' id='line_1_27' title="bbox 272 3347 1376 3436; baseline 0 -22"><span class='ocrx_word' id='word_1_223' title='bbox 272 3351 356 3436; x_wconf 93' lang='lat' dir='ltr'>quod</span> <span class='ocrx_word' id='word_1_224' title='bbox 370 3350 541 3436; x_wconf 89' lang='lat' dir='ltr'>concipitur</span> <span class='ocrx_word' id='word_1_225' title='bbox 555 3359 626 3415; x_wconf 88' lang='lat' dir='ltr'>actu</span> <span class='ocrx_word' id='word_1_226' title='bbox 641 3357 688 3414; x_wconf 89' lang='lat' dir='ltr'>est</span> <span class='ocrx_word' id='word_1_227' title='bbox 703 3359 775 3415; x_wconf 89' lang='lat' dir='ltr'>actu</span> <span class='ocrx_word' id='word_1_228' title='bbox 788 3349 822 3414; x_wconf 93' lang='lat' dir='ltr'>in</span> <span class='ocrx_word' id='word_1_229' title='bbox 836 3347 1014 3413; x_wconf 85' lang='lat' dir='ltr'>intellectu:</span> <span class='ocrx_word' id='word_1_230' title='bbox 1037 3356 1069 3413; x_wconf 92' lang='lat' dir='ltr'>et</span> <span class='ocrx_word' id='word_1_231' title='bbox 1082 3347 1141 3412; x_wconf 91' lang='lat' dir='ltr'>hoc</span> <span class='ocrx_word' id='word_1_232' title='bbox 1151 3348 1262 3412; x_wconf 88' lang='lat' dir='ltr'>sufficit</span> <span class='ocrx_word' id='word_1_233' title='bbox 1278 3361 1314 3413; x_wconf 89' lang='lat' dir='ltr'>ut</span> <span class='ocrx_word' id='word_1_234' title='bbox 1328 3371 1376 3414; x_wconf 91' lang='lat' dir='ltr'>res</span> 
     </span>
     <span class='ocr_line' id='line_1_28' title="bbox 270 3459 1374 3546; baseline -0.003 -18"><span class='ocrx_word' id='word_1_235' title='bbox 270 3485 334 3528; x_wconf 91' lang='lat' dir='ltr'>non</span> <span class='ocrx_word' id='word_1_236' title='bbox 348 3463 482 3529; x_wconf 87' lang='lat' dir='ltr'>involvat</span> <span class='ocrx_word' id='word_1_237' title='bbox 504 3461 783 3541; x_wconf 78' lang='lat' dir='ltr'>contradictionem,</span> <span class='ocrx_word' id='word_1_238' title='bbox 799 3460 871 3546; x_wconf 85' lang='lat' dir='ltr'>quie</span> <span class='ocrx_word' id='word_1_239' title='bbox 890 3459 1160 3525; x_wconf 86' lang='lat' dir='ltr'>contradictorium</span> <span class='ocrx_word' id='word_1_240' title='bbox 1182 3481 1246 3524; x_wconf 91' lang='lat' dir='ltr'>non</span> <span class='ocrx_word' id='word_1_241' title='bbox 1261 3459 1374 3525; x_wconf 90' lang='lat' dir='ltr'>intelli·</span> 
     </span>
     <span class='ocr_line' id='line_1_29' title="bbox 270 3571 1373 3662; baseline -0.003 -21"><span class='ocrx_word' id='word_1_242' title='bbox 270 3575 365 3662; x_wconf 87' lang='lat' dir='ltr'>gitur.</span> <span class='ocrx_word' id='word_1_243' title='bbox 419 3574 541 3640; x_wconf 92' lang='lat' dir='ltr'>Deinde</span> <span class='ocrx_word' id='word_1_244' title='bbox 560 3597 666 3640; x_wconf 89' lang='lat' dir='ltr'>verum</span> <span class='ocrx_word' id='word_1_245' title='bbox 688 3581 745 3654; x_wconf 90' lang='lat' dir='ltr'>est,</span> <span class='ocrx_word' id='word_1_246' title='bbox 761 3571 940 3657; x_wconf 89' lang='lat' dir='ltr'>negationes</span> <span class='ocrx_word' id='word_1_247' title='bbox 965 3571 1034 3634; x_wconf 87' lang='lat' dir='ltr'>illas</span> <span class='ocrx_word' id='word_1_248' title='bbox 1057 3591 1120 3636; x_wconf 92' lang='lat' dir='ltr'>non</span> <span class='ocrx_word' id='word_1_249' title='bbox 1142 3592 1208 3634; x_wconf 93' lang='lat' dir='ltr'>esse</span> <span class='ocrx_word' id='word_1_250' title='bbox 1229 3571 1312 3635; x_wconf 87' lang='lat' dir='ltr'>inter</span> <span class='ocrx_word' id='word_1_251' title='bbox 1325 3594 1373 3638; x_wconf 89' lang='lat' dir='ltr'>res</span> 
     </span>
     <span class='ocr_line' id='line_1_30' title="bbox 270 3683 1373 3776; baseline -0.005 -22"><span class='ocrx_word' id='word_1_252' title='bbox 270 3689 439 3776; x_wconf 88' lang='lat' dir='ltr'>possibiles,</span> <span class='ocrx_word' id='word_1_253' title='bbox 455 3688 510 3754; x_wconf 87' lang='lat' dir='ltr'>sed</span> <span class='ocrx_word' id='word_1_254' title='bbox 532 3711 596 3754; x_wconf 91' lang='lat' dir='ltr'>non</span> <span class='ocrx_word' id='word_1_255' title='bbox 610 3688 680 3752; x_wconf 91' lang='lat' dir='ltr'>ideo</span> <span class='ocrx_word' id='word_1_256' title='bbox 694 3685 767 3772; x_wconf 89' lang='lat' dir='ltr'>quia</span> <span class='ocrx_word' id='word_1_257' title='bbox 780 3683 984 3771; x_wconf 88' lang='lat' dir='ltr'>impossibiles</span> <span class='ocrx_word' id='word_1_258' title='bbox 1007 3683 1080 3764; x_wconf 88' lang='lat' dir='ltr'>sint,</span> <span class='ocrx_word' id='word_1_259' title='bbox 1103 3683 1198 3747; x_wconf 90' lang='lat' dir='ltr'>immo</span> <span class='ocrx_word' id='word_1_260' title='bbox 1213 3686 1284 3766; x_wconf 82' lang='lat' dir='ltr'>quio</span> <span class='ocrx_word' id='word_1_261' title='bbox 1304 3693 1373 3748; x_wconf 82' lang='lat' dir='ltr'>aaut</span> 
     </span>
     <span class='ocr_line' id='line_1_31' title="bbox 269 3795 1371 3881; baseline -0.007 -13"><span class='ocrx_word' id='word_1_262' title='bbox 269 3811 339 3869; x_wconf 81' lang='lat' dir='ltr'>actu</span> <span class='ocrx_word' id='word_1_263' title='bbox 359 3803 443 3866; x_wconf 84' lang='lat' dir='ltr'>modo</span> <span class='ocrx_word' id='word_1_264' title='bbox 460 3823 523 3881; x_wconf 75' lang='lat' dir='ltr'>uso,</span> <span class='ocrx_word' id='word_1_265' title='bbox 549 3799 688 3865; x_wconf 89' lang='lat' dir='ltr'>videlicet</span> <span class='ocrx_word' id='word_1_266' title='bbox 712 3798 746 3862; x_wconf 93' lang='lat' dir='ltr'>in</span> <span class='ocrx_word' id='word_1_267' title='bbox 768 3797 927 3862; x_wconf 90' lang='lat' dir='ltr'>intellectu</span> <span class='ocrx_word' id='word_1_268' title='bbox 949 3804 1152 3880; x_wconf 85' lang='lat' dir='ltr'>cognoscente</span> <span class='ocrx_word' id='word_1_269' title='bbox 1175 3795 1371 3879; x_wconf 89' lang='lat' dir='ltr'>negationem</span> 
     </span>
     <span class='ocr_line' id='line_1_32' title="bbox 266 3906 1371 3999; baseline -0.007 -19"><span class='ocrx_word' id='word_1_270' title='bbox 266 3914 346 3980; x_wconf 91' lang='lat' dir='ltr'>entis</span> <span class='ocrx_word' id='word_1_271' title='bbox 367 3935 423 3999; x_wconf 89' lang='lat' dir='ltr'>per</span> <span class='ocrx_word' id='word_1_272' title='bbox 444 3910 669 3997; x_wconf 91' lang='lat' dir='ltr'>oppositionem</span> <span class='ocrx_word' id='word_1_273' title='bbox 688 3909 728 3974; x_wconf 89' lang='lat' dir='ltr'>ad</span> <span class='ocrx_word' id='word_1_274' title='bbox 744 3916 848 3974; x_wconf 88' lang='lat' dir='ltr'>ectum</span> <span class='ocrx_word' id='word_1_275' title='bbox 870 3907 991 3972; x_wconf 90' lang='lat' dir='ltr'>essendi</span> <span class='ocrx_word' id='word_1_276' title='bbox 1011 3907 1117 3972; x_wconf 85' lang='lat' dir='ltr'>illius:</span> <span class='ocrx_word' id='word_1_277' title='bbox 1147 3914 1179 3970; x_wconf 89' lang='lat' dir='ltr'>et</span> <span class='ocrx_word' id='word_1_278' title='bbox 1200 3906 1269 3971; x_wconf 92' lang='lat' dir='ltr'>ideo</span> <span class='ocrx_word' id='word_1_279' title='bbox 1292 3907 1371 3972; x_wconf 86' lang='lat' dir='ltr'>sicut</span> 
     </span>
     <span class='ocr_line' id='line_1_33' title="bbox 266 4018 1371 4108; baseline -0.006 -18"><span class='ocrx_word' id='word_1_280' title='bbox 266 4025 349 4090; x_wconf 89' lang='lat' dir='ltr'>entia</span> <span class='ocrx_word' id='word_1_281' title='bbox 363 4033 401 4089; x_wconf 90' lang='lat' dir='ltr'>ut</span> <span class='ocrx_word' id='word_1_282' title='bbox 414 4023 558 4089; x_wconf 89' lang='lat' dir='ltr'>distinete</span> <span class='ocrx_word' id='word_1_283' title='bbox 571 4019 729 4108; x_wconf 86' lang='lat' dir='ltr'>possibilia</span> <span class='ocrx_word' id='word_1_284' title='bbox 747 4028 831 4084; x_wconf 85' lang='lat' dir='ltr'>extra</span> <span class='ocrx_word' id='word_1_285' title='bbox 845 4018 947 4084; x_wconf 91' lang='lat' dir='ltr'>Deum</span> <span class='ocrx_word' id='word_1_286' title='bbox 970 4019 1107 4084; x_wconf 88' lang='lat' dir='ltr'>efficiunt</span> <span class='ocrx_word' id='word_1_287' title='bbox 1128 4039 1303 4097; x_wconf 90' lang='lat' dir='ltr'>numerum,</span> <span class='ocrx_word' id='word_1_288' title='bbox 1326 4018 1371 4084; x_wconf 88' lang='lat' dir='ltr'>ita</span> 
     </span>
     <span class='ocr_line' id='line_1_34' title="bbox 265 4121 1370 4222; baseline -0.009 -19"><span class='ocrx_word' id='word_1_289' title='bbox 265 4160 372 4204; x_wconf 84' lang='lat' dir='ltr'>eorum</span> <span class='ocrx_word' id='word_1_290' title='bbox 385 4136 563 4222; x_wconf 87' lang='lat' dir='ltr'>negationes</span> <span class='ocrx_word' id='word_1_291' title='bbox 585 4133 780 4199; x_wconf 88' lang='lat' dir='ltr'>constituunt</span> <span class='ocrx_word' id='word_1_292' title='bbox 802 4121 1016 4198; x_wconf 84' lang='lat' dir='ltr'>distinctorum</span> <span class='ocrx_word' id='word_1_293' title='bbox 1038 4129 1229 4215; x_wconf 88' lang='lat' dir='ltr'>negationes,</span> <span class='ocrx_word' id='word_1_294' title='bbox 1244 4139 1275 4194; x_wconf 90' lang='lat' dir='ltr'>et</span> <span class='ocrx_word' id='word_1_295' title='bbox 1290 4131 1370 4194; x_wconf 91' lang='lat' dir='ltr'>mul·</span> 
     </span>
    </p>
   </div>
   <div class='ocr_carea' id='block_1_3' title="bbox 264 4241 1369 4333">
    <p class='ocr_par' dir='ltr' id='par_1_4' title="bbox 264 4241 1369 4333">
     <span class='ocr_line' id='line_1_35' title="bbox 264 4241 1369 4333; baseline -0.008 -19"><span class='ocrx_word' id='word_1_296' title='bbox 264 4248 429 4314; x_wconf 90' lang='lat' dir='ltr'>titudinem</span> <span class='ocrx_word' id='word_1_297' title='bbox 452 4247 662 4333; x_wconf 89' lang='lat' dir='ltr'>negationum.</span> <span class='ocrx_word' id='word_1_298' title='bbox 717 4243 801 4329; x_wconf 82' lang='lat' dir='ltr'>Ergo</span> <span class='ocrx_word' id='word_1_299' title='bbox 823 4242 991 4310; x_wconf 90' lang='lat' dir='ltr'>multitudo</span> <span class='ocrx_word' id='word_1_300' title='bbox 1013 4249 1085 4306; x_wconf 90' lang='lat' dir='ltr'>actu</span> <span class='ocrx_word' id='word_1_301' title='bbox 1107 4241 1229 4306; x_wconf 86' lang='lat' dir='ltr'>infinita</span> <span class='ocrx_word' id='word_1_302' title='bbox 1243 4263 1307 4306; x_wconf 91' lang='lat' dir='ltr'>non</span> <span class='ocrx_word' id='word_1_303' title='bbox 1323 4264 1369 4306; x_wconf 92' lang='lat' dir='ltr'>re·</span> 
     </span>
    </p>
   </div>
   <div class='ocr_carea' id='block_1_4' title="bbox 261 4367 390 4444">
    <p class='ocr_par' dir='ltr' id='par_1_5' title="bbox 261 4367 390 4444">
     <span class='ocr_line' id='line_1_36' title="bbox 261 4367 390 4444; baseline 0 -22"><span class='ocrx_word' id='word_1_304' title='bbox 261 4367 390 4444; x_wconf 85' lang='lat' dir='ltr'>pugnet.</span> 
     </span>
    </p>
   </div>
   <div class='ocr_carea' id='block_1_5' title="bbox 0 0 1616 4984">
    <p class='ocr_par' dir='ltr' id='par_1_6' title="bbox 0 0 1616 4984">
     <span class='ocr_line' id='line_1_37' title="bbox 0 0 1616 4984; baseline 0 8"><span class='ocrx_word' id='word_1_305' title='bbox 0 0 1616 4984; x_wconf 95' lang='lat' dir='ltr'> </span> 
     </span>
    </p>
   </div>
  </div>
 </body>
</html>
