3212 4986
264 331 306 391 28
754 347 796 390 na
813 347 891 391 nno.
1242 323 1326 408 [car.
1344 345 1370 386 ι.

266 511 400 590 ducenti,
424 512 537 576 dicitur
558 513 679 597 proprie
697 516 861 597 pancratio.
907 513 990 576 Hinc
1011 520 1108 590 actus,
1130 532 1191 594 quo
1214 509 1299 573 Deus
1321 510 1369 572 in·

266 623 377 707 telligit
401 632 497 688 totam
524 647 610 688 suam
635 623 925 708 intelligibilitatem,
948 646 1002 687 scu
1027 622 1169 706 producit
1197 620 1296 684 ideam
1322 620 1369 684 sui

265 735 323 799 sibi
346 736 645 815 consubstantialem,
669 745 716 800 est
742 759 820 816 vera,
845 745 966 814 aeterna,
990 735 1110 798 infinita
1132 732 1305 818 generatio:
1337 745 1368 794 et

264 846 350 909 Deus
372 845 437 930 ipse
460 848 576 910 ratione
598 846 689 910 huius
715 845 803 910 realis
829 855 917 910 actus
942 844 1109 929 generativi
1134 853 1181 907 est
1203 850 1234 906 et
1257 841 1370 906 dicitur

265 957 387 1022 realiter
402 958 527 1023 Parsa.

308 1068 383 1134 Esse
395 1071 560 1134 terminum
575 1081 662 1134 actus
677 1068 844 1153 generativi
859 1077 905 1132 ast
920 1090 985 1131 esse
998 1065 1125 1130 Filium,
1165 1064 1248 1147 Ergo
1262 1063 1372 1127 termi-

265 1203 324 1244 nus
340 1191 410 1244 actu
424 1180 527 1244 divino
542 1181 725 1245 intellectivo
741 1189 890 1258 actuatus,
903 1179 1005 1262 imago
1017 1177 1077 1241 Dei
1089 1174 1368 1252 consubstantialis,

265 1290 402 1354 Verbum
417 1290 486 1369 Dei,
503 1300 549 1356 est
564 1303 595 1355 et
611 1291 722 1355 dicitur
737 1289 858 1354 realiter
873 1289 1001 1352 Fruus.

309 1402 385 1465 Erae
400 1401 565 1465 terminum
580 1402 778 1466 resultantem
794 1423 830 1465 ex
851 1398 1075 1484 conspiratione
1090 1397 1190 1462 Patris
1205 1406 1236 1460 et
1251 1396 1321 1460 Filii
1337 1396 1369 1458 in

267 1513 416 1577 unitatem
428 1514 539 1578 amoris
551 1512 772 1592 substantialis,
784 1521 830 1577 eat
846 1534 911 1578 esse
925 1511 1093 1575 terminum
1107 1508 1146 1574 ab
1157 1522 1287 1593 utroque
1298 1530 1371 1572 con·

267 1625 426 1708 spiratum,
443 1648 497 1689 scu
511 1648 576 1689 esse
593 1627 738 1704 Spiritum
759 1627 921 1708 utrimque.
966 1623 1071 1699 Quum
1092 1630 1195 1686 autem
1216 1621 1266 1684 hic
1286 1641 1371 1683 antor

267 1735 477 1799 substantialis
490 1735 628 1820 adaequet
640 1746 670 1800 et
685 1736 842 1800 exhauriat
856 1733 1074 1800 amabilitatem
1086 1732 1232 1796 realitatis
1243 1731 1371 1794 infinitas

267 1847 300 1909 in
314 1846 383 1911 idea
397 1846 516 1910 infinite
531 1847 611 1911 clara
626 1847 785 1926 elucentis,
801 1857 831 1911 et
847 1869 901 1931 per
915 1847 973 1910 hoe
989 1846 1029 1909 sit
1046 1866 1164 1908 summe
1178 1843 1326 1907 honestus
1341 1851 1372 1906 et

268 1965 401 2036 sanctur,
418 1965 448 2021 et
463 1967 607 2041 praeterea
628 1958 737 2022 ultimo
758 1957 876 2042 expleat
897 1951 1082 2040 exigentiam
1098 1955 1208 2019 divinae
1223 1954 1371 2031 essentiae,

267 2070 392 2153 eiusque
411 2068 583 2134 absolutam
607 2070 823 2154 perfectionem
844 2067 999 2132 definitive
1015 2067 1177 2132 sauciatio
1193 2065 1310 2129 unitate
1325 2064 1371 2127 in-

268 2180 355 2244 finita
368 2181 542 2246 omnimode
558 2181 718 2265 completa,
730 2201 792 2244 non
809 2188 855 2243 est
871 2179 1023 2243 vocandus
1036 2178 1214 2262 simpliciter
1230 2179 1370 2261 Spiritus,

268 2292 322 2355 sed
341 2313 411 2356 cum
433 2292 536 2356 addito
554 2292 710 2356 Srrnrrus
728 2293 889 2355 Sinarus.
934 2291 984 2354 Ad
1007 2291 1071 2354 hoec
1093 2289 1274 2367 notandum,
1289 2287 1394 2371 quod,

268 2400 354 2466 Deus
374 2425 437 2466 non
458 2403 557 2466 solum
576 2403 667 2466 habet
685 2402 768 2466 hunc
788 2423 922 2465 amorem
945 2400 1188 2478 substantialem,
1201 2399 1254 2462 sed
1269 2408 1299 2462 et
1316 2399 1372 2462 scit

270 2514 403 2597 seipsum
416 2522 451 2577 ut
467 2537 498 2577 se
514 2514 556 2577 sic
571 2523 735 2591 amantem,
748 2522 778 2576 et
789 2522 871 2576 amat
881 2524 972 2596 atquc
982 2511 1129 2597 approbat
1140 2533 1229 2575 suurn
1239 2533 1372 2573 amorem

269 2634 376 2708 utpote
392 2625 594 2689 rectissimum
610 2633 640 2688 et
656 2624 917 2688 ordinatissimum
933 2633 1000 2687 tum
1015 2646 1053 2687 ex
1066 2635 1151 2708 parte
1169 2621 1289 2700 obiecti,
1305 2632 1372 2684 turu

270 2759 306 2801 ex
326 2747 411 2820 parte
429 2746 525 2801 actus.
572 2736 654 2799 Hinc
676 2735 758 2798 idem
781 2757 874 2813 amor,
891 2735 944 2818 qui
962 2734 995 2797 in
1015 2733 1104 2818 signo
1122 2733 1215 2818 priori
1237 2732 1276 2797 ad
1293 2733 1373 2796 hanc

271 2849 518 2933 approbationem
540 2848 601 2911 iam
624 2847 735 2912 dicitur
758 2855 881 2911 sanctus
904 2848 1042 2910 abiectior
1064 2854 1094 2909 et
1116 2846 1318 2922 nauterialitcr·‚
1340 2845 1373 2908 in

272 2961 359 3043 signo
375 2969 519 3044 sequente
534 2959 681 3024 dicendus
696 2969 742 3024 est
757 2959 848 3024 etiam
864 2968 986 3023 sanctus
994 2959 1170 3042 formaliter·
1183 2967 1213 3021 et
1228 2960 1260 3020 in
1279 2960 1373 3042 specie

272 3074 378 3135 moris:
401 3071 514 3135 etenim
534 3081 570 3136 ut
589 3071 732 3156 cognitus
754 3080 784 3136 et
800 3071 985 3155 approbatus
1000 3092 1063 3133 non
1078 3069 1177 3134 solum
1193 3069 1289 3133 sancit
1305 3069 1375 3132 uni·

271 3206 361 3248 onem
377 3184 457 3247 inter
469 3184 590 3247 Patrem
605 3192 636 3248 et
646 3183 769 3262 Ililium,
780 3183 833 3248 sed
848 3184 913 3268 ipse
927 3185 1087 3248 sanatura
1099 3182 1189 3246 Patre
1200 3193 1231 3246 ct
1243 3182 1331 3260 Ililio,
1343 3190 1375 3244 et
1414 3258 1417 3266 Ι

273 3295 315 3359 sic
329 3296 484 3358 verissime
495 3305 526 3358 et
541 3296 748 3380 propriissime
763 3295 874 3359 dicitur
888 3303 1017 3371 sanctas,
1035 3317 1088 3358 seu
1103 3296 1233 3391 sanatas
1248 3294 1374 3377 passive.

317 3406 370 3469 36.
396 3407 476 3470 Sunt
491 3405 586 3488 igitur
601 3406 634 3468 in
649 3407 767 3470 unitate
782 3405 922 3470 absoluta
940 3405 1048 3470 divinae
1069 3405 1207 3468 essentiae
1225 3413 1286 3467 tres
1307 3427 1374 3488 per-

273 3519 419 3583 fectiones
444 3517 549 3595 reales,
567 3516 704 3596 infinitae,
724 3517 847 3581 relative
869 3517 1015 3601 oppositae
1038 3524 1069 3580 et
1091 3516 1159 3580 ideo
1183 3515 1303 3580 realiter
1329 3515 1374 3578 di-

273 3633 412 3696 stinctae:
443 3632 626 3708 Pclcanitas,
641 3629 772 3706 lttiatto,
798 3630 929 3712 Spirutio
946 3631 1087 3712 passion:
1119 3627 1247 3710 singulae
1273 3636 1377 3690 tamen

274 3744 393 3807 realiter
407 3742 634 3805 identificantur
649 3763 718 3804 cunr
734 3739 872 3803 absoluta
884 3739 1011 3802 entitate
1021 3739 1091 3815 Dei,
1104 3761 1173 3802 cum
1186 3761 1246 3822 qua
1259 3737 1375 3801 nullam

274 3853 388 3918 habent
403 3852 514 3916 realem
530 3851 762 3935 oppositionem.
796 3851 838 3913 Et
849 3850 917 3915 ideo
932 3873 988 3914 nec
1003 3851 1094 3914 Pater
1110 3850 1169 3913 dici
1184 3857 1285 3935 potest
1300 3872 1377 3912 com·

270 3967 388 4049 positas
402 3986 438 4028 ex
452 3965 580 4027 entitate
599 3961 737 4026 absoluta
757 3971 787 4025 et
807 3961 999 4046 paternitate,
1015 3983 1071 4025 nec
1087 3961 1183 4024 Filius
1204 3963 1378 4044 compositus

275 4077 446 4138 exentitate
457 4075 597 4138 absoluta
616 4084 647 4137 et
662 4075 817 4151 filiatione,
833 4097 889 4138 nec
906 4074 1038 4158 Spiritus
1056 4075 1186 4138 Sanctus
1201 4075 1376 4156 compositus

275 4209 310 4249 ex
326 4184 453 4249 entitate
468 4185 608 4252 absoluta
623 4195 653 4248 et
669 4184 833 4268 spiratione
848 4184 976 4268 passiva.

321 4295 410 4360 Ratio
436 4302 491 4373 cst,
516 4295 588 4379 quia
613 4295 725 4359 entitas
751 4293 891 4358 absoluta
917 4294 1026 4373 divina,
1052 4303 1083 4358 et
1112 4294 1224 4370 entitas
1253 4293 1377 4357 relativa
