3212 4986
282 383 325 444 20
768 399 810 442 nn
828 399 902 443 nno.
1256 378 1342 462 [cnr.
1361 397 1384 440 r.

325 561 371 624 Ex
385 561 561 625 omnimoda
577 559 813 645 independeutia
828 560 966 645 sequitur
981 559 1064 644 quod
1084 580 1139 623 eus
1153 581 1171 622 a
1186 581 1218 622 se
1232 564 1278 622 est
1293 557 1385 622 etiam

282 676 315 738 in
337 696 386 740 sc:
410 673 538 758 ideoque
558 694 613 737 ens
634 694 651 736 a
674 694 706 736 se
729 680 775 736 est
796 673 971 736 rubricatio.
1016 670 1098 747 Quia
1112 679 1215 736 tamen
1230 692 1293 736 nou
1314 669 1386 734 sub-

284 793 344 848 stat
368 783 458 848 alicui
487 783 636 848 accidenti
662 783 827 847 intrinsece
850 781 1028 866 receptibili,
1055 805 1118 846 non
1143 791 1190 846 est
1217 781 1387 846 substantia

284 895 410 960 univoce
433 917 502 960 cum
530 895 712 960 substantiis
736 894 842 973 finitis,
869 894 922 958 scd
946 893 1120 978 analogice:
1149 903 1181 958 et
1207 893 1250 958 sic
1276 892 1387 957 dicitur

283 1007 376 1071 etiam
390 1009 651 1091 supersubstantia.

328 1120 380 1182 21.
404 1119 469 1182 llns
484 1141 501 1182 a
517 1140 549 1181 se
563 1126 610 1182 cst
625 1117 763 1182 absolute
775 1118 962 1181 immutabile.
1008 1117 1090 1180 Nam
1101 1116 1166 1180 enti
1180 1115 1322 1180 mutabili
1332 1115 1386 1179 ali-

284 1229 359 1315 quid
369 1230 545 1314 contingere
554 1239 673 1314 potest:
698 1230 825 1295 sedenti
837 1252 854 1293 a
865 1251 896 1292 se
905 1229 982 1293 nihil
993 1228 1170 1311 contingere
1179 1236 1298 1313 potest;
1315 1250 1386 1292 nam

284 1364 340 1406 ens
355 1364 372 1405 a
388 1365 419 1406 se
433 1350 480 1406 est
495 1343 709 1420 necessarium,
719 1341 923 1405 necessarium
939 1361 1009 1403 vero
1023 1339 1156 1404 excludit
1171 1340 1364 1424 contingens.

328 1455 381 1518 22.
405 1453 470 1517 Ens
493 1475 511 1518 a
533 1475 565 1516 se
590 1462 637 1517 est
658 1452 795 1517 absolute
817 1451 973 1535 infinitum.
1020 1450 1089 1515 Hoc
1112 1451 1172 1514 iam
1198 1450 1388 1516 ostendimus

286 1585 379 1648 supra
395 1566 438 1645 (n.
456 1566 509 1647 13)
527 1586 563 1627 ex
577 1585 613 1628 eo
635 1563 718 1649 quod
740 1562 828 1626 limes
850 1562 890 1626 sit
912 1561 987 1646 quid
1007 1561 1207 1645 contingens:
1229 1562 1386 1625 etiterum

285 1674 405 1739 ostendi
428 1684 529 1760 potest
551 1675 613 1743 sic:
652 1675 753 1740 Omne
772 1698 827 1739 ens
849 1675 971 1738 finitum
984 1684 1040 1762 'est
1059 1675 1090 1738 in
1115 1675 1251 1758 potentia
1273 1673 1312 1738 ad
1334 1674 1388 1738 ali·

286 1787 379 1872 quid:
403 1785 456 1850 sed
470 1808 525 1850 ens
540 1787 742 1850 necessarium
757 1808 821 1849 non
836 1785 931 1850 estin
946 1784 1084 1870 potentia
1099 1785 1137 1849 ad
1158 1785 1292 1870 aliquid3
1315 1808 1388 1870 ergo

285 1907 332 1960 est
356 1897 495 1962 absolute
519 1897 685 1962 infinitum.
732 1897 838 1960 Minor
863 1905 983 1961 constat
1008 1920 1044 1961 ex
1065 1897 1134 1976 hoc,
1158 1897 1241 1982 quod
1267 1919 1332 1960 esse
1355 1898 1387 1960 in

285 2009 422 2093 potentia
443 2008 482 2072 ad
504 2009 621 2094 aliquid
639 2008 713 2073 dicit
735 2008 981 2072 mutabilitatem.
1028 2008 1163 2072 Sedens
1186 2009 1387 2072 necessarium

285 2141 348 2182 non
363 2128 410 2183 est
424 2119 571 2184 mutabile
588 2121 631 2202 (n.
647 2121 761 2203 praec).

330 2232 382 2294 23.
406 2230 470 2293 Ilus
490 2253 507 2294 a
530 2253 561 2292 se
583 2239 629 2293 est
651 2238 798 2293 etenum.
845 2229 991 2313 Sequitur
1012 2251 1047 2292 ex
1069 2229 1135 2292 eius
1157 2230 1336 2294 necescitate
1357 2240 1388 2294 et

287 2340 544 2419 immutabilitate,
560 2362 628 2425 quae
648 2339 805 2425 postulant
820 2349 856 2403 ut
871 2363 925 2403 ens
943 2364 960 2404 a
976 2363 1007 2403 se
1022 2363 1190 2424 numquam
1213 2342 1342 2419 nonsit,
1358 2353 1389 2404 et

286 2475 455 2538 numquam
472 2452 559 2516 aliter
574 2453 614 2515 sit
629 2474 663 2515 ae
678 2460 735 2516 est.
781 2451 873 2515 Unde
888 2451 980 2515 etiam
1004 2451 1109 2516 statim
1124 2429 1287 2537 colligitur,
1303 2462 1389 2517 aeter-

286 2565 415 2627 nitatem
430 2565 490 2627 Dei
504 2586 566 2626 non
588 2563 715 2627 existere
735 2585 790 2648 per
812 2571 913 2646 partes
936 2563 1128 2641 successivas,
1144 2585 1244 2648 neque
1263 2566 1389 2628 omnino

287 2696 342 2758 per
363 2684 474 2759 partes,
491 2674 543 2737 sed
565 2682 662 2738 totam
685 2672 777 2739 simul
797 2672 1023 2737 indivisibiliter
1033 2699 1043 2752 3
1067 2675 1093 2737 si
1114 2675 1196 2737 enim
1212 2675 1335 2739 daretur
1356 2677 1389 2738 in

287 2785 354 2849 Deo
374 2786 442 2848 urite
456 2794 487 2849 et
503 2793 585 2868 post,
601 2793 631 2848 et
654 2793 722 2848 oute
738 2806 802 2848 non
824 2783 993 2849 includeret
1009 2794 1090 2869 post,
1105 2785 1193 2849 aliter
1215 2808 1247 2849 se
1264 2786 1390 2851 haberet

287 2897 374 2961 Deus
397 2905 477 2976 ante,
502 2905 533 2960 et
557 2895 645 2960 aliter
668 2905 747 2978 post.
795 2896 828 2960 si
851 2904 954 2960 autem
977 2897 1009 2959 in
1035 2895 1103 2960 Deo
1126 2906 1195 2961 oute
1218 2906 1337 2981 etpost
1359 2921 1390 2962 se
1422 2876 1427 2884 Ι

287 3007 489 3085 includerent,
513 3017 589 3072 tunc
614 3016 745 3072 cessaret
772 3007 872 3071 omnis
898 3007 976 3071 ratio
998 3006 1214 3072 anterioritatis
1239 3015 1271 3072 et
1290 3018 1390 3094 poste-

288 3118 451 3184 rioritatis:
474 3128 504 3184 et
520 3119 684 3183 dicendum
700 3130 779 3184 esset
791 3119 874 3204 quod
888 3120 921 3183 in
932 3118 1000 3182 Deo
1016 3127 1062 3182 est
1079 3118 1177 3183 solum
1192 3142 1269 3184 nuuc
1283 3128 1390 3204 aptum

288 3230 327 3295 ad
341 3230 534 3294 fundandum
550 3253 640 3295 omne
655 3239 724 3295 autc
738 3240 849 3314 etpost
863 3240 946 3294 extra
960 3229 1062 3313 ipsum
1077 3229 1190 3294 Deum.
1232 3231 1274 3294 llt
1289 3255 1391 3296 revera

289 3351 357 3406 unte
371 3351 491 3426 etpost,
506 3350 614 3426 utpote
628 3341 752 3406 relativa
767 3350 878 3418 motus,
891 3352 1048 3426 nequeunt
1063 3363 1128 3404 esse
1142 3340 1201 3404 nisi
1216 3342 1248 3405 in
1263 3343 1310 3421 iis,
1323 3366 1392 3429 quae

288 3454 440 3537 recipiunt
464 3463 594 3532 motum,
621 3475 732 3537 nempe
761 3453 793 3515 in
824 3453 914 3516 rebus
939 3452 1146 3516 mutabilibus.
1191 3453 1270 3518 Vide
1298 3457 1390 3519 etiam

289 3587 382 3649 supra
395 3587 428 3629 n.
446 3566 496 3628 14.

331 3679 385 3741 24.
408 3677 473 3740 Ena
495 3699 514 3740 a
535 3699 568 3740 se
587 3683 634 3740 est
652 3679 828 3740 immensum.
876 3676 1020 3760 Sequitur
1039 3698 1076 3740 cx
1095 3677 1161 3741 eius
1187 3676 1339 3743 infinitate
1360 3691 1392 3742 et

288 3787 556 3852 immutabilitate:
580 3809 709 3871 quarum
732 3787 831 3871 prima
853 3785 998 3871 postulat,
1013 3795 1049 3851 ut
1069 3809 1123 3851 ens
1143 3811 1160 3851 a
1184 3811 1215 3852 se
1236 3790 1391 3854 contineat

288 3901 436 3963 rationem
460 3899 560 3962 omnis
583 3898 642 3961 loci
665 3898 822 3961 existentis
845 3907 899 3961 aut
921 3899 1085 3982 possibilis,
1109 3900 1251 3979 secunda,
1272 3910 1307 3964 ut
1329 3925 1391 3966 non
1414 3972 1416 3978 ,

289 4010 385 4096 possit
401 4011 514 4074 moveri
529 4032 583 4094 per
592 4008 704 4073 locum.
752 4009 843 4072 Unde
859 4009 962 4072 statim
978 4009 1142 4092 colligitur,
1154 4011 1390 4076 immensitatem

288 4122 349 4186 Dei
364 4144 427 4185 non
442 4122 568 4184 existere
583 4143 637 4204 per
659 4119 847 4184 ubicationes
863 4120 1033 4199 distinctas,
1049 4121 1102 4185 sed
1118 4130 1214 4187 totam
1237 4123 1330 4188 simul
1344 4125 1392 4187 in-

289 4230 478 4298 divisibiliter
492 4230 525 4292 in
534 4230 618 4293 omni
632 4232 683 4293 ubi
691 4231 753 4292 sive
761 4229 844 4306 reali,
857 4229 918 4292 sive
928 4229 1064 4314 possibili
1077 4257 1086 4310 ;
1111 4232 1136 4295 si
1151 4234 1232 4296 enim
1246 4233 1393 4298 darentur
1509 4300 1511 4304 ,

288 4342 320 4404 in
336 4341 404 4404 Deo
425 4339 613 4404 ubicationes
635 4339 796 4419 distinctae,
811 4339 905 4404 alium
925 4340 1049 4405 modum
1069 4343 1189 4407 essendi
1212 4344 1339 4408 haberet
1358 4346 1392 4408 in
