3240 4986
312 355 355 420 92
771 377 814 420 nr
831 375 962 422 uouoo.
1286 356 1374 444 [ear.
1392 376 1417 424 r.

309 543 492 628 paritiouem
511 543 599 610 tiens.
645 543 728 609 Hinc
750 544 890 631 sequitur
906 545 1043 626 omuino,
1058 543 1282 632 apparitionem
1303 544 1416 610 habere

308 655 479 720 subiectum
499 664 530 720 et
551 657 728 737 terminum,
749 679 817 742 quae
836 679 900 721 non
925 657 1071 737 existunt,
1088 657 1150 722 nisi
1171 656 1205 722 in
1229 657 1295 722 fieri
1316 657 1414 743 ipsius

308 768 526 854 apparitionis3
555 790 628 854 ergo
654 768 719 834 sola
743 769 850 833 relatio
876 769 1006 834 subiecti
1032 768 1072 834 ad
1096 769 1264 834 terminum
1294 769 1328 833 in
1353 769 1411 834 hae

306 880 495 965 apparitione
512 888 559 945 est
573 879 691 966 aliquid
705 880 794 960 reale,
809 890 841 950 et
855 890 919 946 tam
939 879 1023 967 quod
1036 889 1172 968 apparet,
1188 904 1281 967 quam
1294 880 1347 945 ille
1361 881 1412 946 eui

305 991 341 1056 lit
355 992 505 1079 apparitio
519 992 597 1058 nihil
611 992 691 1058 reale
706 1001 791 1072 sunt,
802 993 863 1058 nisi
877 1002 1029 1079 quatenus
1043 993 1176 1058 subsunt
1190 992 1246 1058 tali
1259 991 1410 1073 relationi,

306 1125 359 1168 seu
384 1103 578 1190 apparitioni,
604 1126 659 1168 seu
681 1103 774 1169 ideae:
804 1104 922 1169 nullam
944 1103 1083 1170 videlicet
1107 1104 1223 1170 hahent
1249 1104 1409 1168 entitatem

305 1214 488 1295 absolutam,
503 1215 558 1281 sed
578 1214 734 1280 relativam
751 1223 886 1281 tantum.
928 1215 1007 1281 Ecce
1021 1223 1118 1281 totam
1136 1215 1287 1280 theoriam
1305 1215 1410 1300 Hege-

305 1327 417 1391 lianam
432 1349 468 1392 cx
482 1328 549 1412 ipso
570 1327 749 1412 schellingii
764 1335 928 1414 systemate
946 1337 1056 1413 sponte
1076 1335 1269 1392 enascentem
1282 1352 1292 1406 3
1315 1348 1410 1411 quare

304 1439 359 1523 qui
382 1438 605 1524 Schellingium
628 1448 810 1525 sequuntur,
833 1439 860 1502 si
885 1438 949 1502 suis
974 1439 1139 1525 praemissis
1164 1438 1268 1504 nolint
1288 1449 1408 1504 contra·

304 1550 414 1628 dicere,
423 1547 534 1614 debent
548 1571 646 1635 usque
655 1547 694 1614 ad
703 1549 844 1614 ultimam
853 1549 955 1636 abyssi
964 1550 1205 1635 profunditatem
1216 1549 1408 1631 descendere,

303 1670 334 1725 et
348 1661 437 1726 fateri
458 1685 509 1726 erra
522 1671 553 1726 et
575 1661 698 1727 nihilum
719 1683 785 1726 esse
798 1683 925 1747 prorsus
940 1660 1031 1744 idem,
1046 1670 1077 1727 et
1091 1685 1206 1749 ponere
1220 1663 1405 1749 stupendam

303 1773 505 1858 aquationem
591 1813 594 1820 ·

801 1887 914 1966 ουτ-0,

303 2021 371 2085 quae
396 2007 443 2063 est
466 1997 617 2084 expressio
641 1997 726 2062 illius
749 1997 921 2063 identitatis
946 1996 1085 2063 deducta
1108 2022 1145 2064 ex
1170 2021 1206 2064 eo
1232 1999 1315 2085 quod
1341 2000 1406 2065 sola

197 2095 200 2100 ¹
301 2111 422 2177 realitas
436 2121 484 2176 est
500 2110 573 2198 fieri
586 2109 634 2176 vel
655 2106 730 2190 idea,
745 2110 793 2176 vel
809 2110 924 2191 relatio,
940 2118 971 2175 et
990 2109 1056 2176 haec
1075 2112 1196 2178 realitaa
1210 2112 1348 2177 consistit
1372 2114 1406 2176 in

301 2249 367 2291 esse
381 2234 413 2289 et
427 2208 491 2289 non
505 2245 572 2288 csse
587 2221 689 2288 simul.

344 2340 391 2403 Ex
405 2337 455 2402 his
476 2344 611 2423 apparet,
627 2334 729 2420 Hegel
748 2356 811 2399 non
833 2332 971 2420 indigere
993 2335 1116 2421 speciali
1134 2335 1405 2416 animadversione,

300 2459 331 2517 et
345 2459 442 2514 totam
465 2447 684 2513 absurditatem
705 2469 768 2511 suaa
782 2448 941 2512 sententia
960 2447 993 2512 in
1008 2447 1092 2512 falsis
1116 2447 1295 2534 schellingii
1316 2449 1402 2535 prin·

300 2562 387 2648 cipiis
402 2559 571 2626 virtualiter
585 2558 744 2624 contineri.

342 2677 396 2738 23.
419 2671 523 2750 Nunc,
535 2669 716 2755 generaliter
729 2668 892 2754 loquendo,
904 2669 1117 2757 pantheismus
1128 2667 1402 2737 transcendentalis

298 2787 418 2851 videtur
438 2806 510 2850 cum
530 2779 715 2867 quibusdam
736 2780 821 2845 falsis
842 2789 897 2845 aut
918 2781 1103 2867 imperfectis
1128 2781 1308 2847 notionibus
1324 2783 1402 2847 circa

297 2900 464 2984 apatiumet
479 2893 556 2959 circa
564 2893 741 2957 universalia
755 2892 863 2957 intime
877 2892 1027 2959 connecti.
1058 2895 1110 2974 Et,
1120 2892 1202 2979 quod
1217 2892 1256 2958 ad
1267 2894 1401 2979 spatium

297 3007 417 3087 attinet,
434 3007 494 3071 iam
509 3026 602 3090 supra
618 3004 661 3087 (n.
680 3005 733 3089 12)
752 3003 895 3085 diximus,
910 3005 1044 3090 spatium
1066 3005 1240 3070 absolutum
1256 3028 1320 3071 non
1334 3028 1400 3070 esse

298 3119 469 3185 subiectum
485 3115 703 3195 ubicationum,
718 3137 775 3180 nec
789 3116 969 3201 figurarum,
980 3139 1076 3202 quum
1091 3116 1199 3182 omnes
1211 3117 1401 3182 abiectiones

298 3232 361 3296 sint
371 3228 494 3295 termini
509 3226 678 3306 extrinseci,
689 3235 721 3290 et
735 3227 842 3310 figurae
856 3238 1021 3312 exsurgant
1032 3229 1086 3313 per
1099 3229 1281 3294 extrinsecas
1296 3229 1400 3294 ubica-

296 3343 418 3408 tionum
432 3339 612 3404 relationes:
634 3347 666 3402 et
679 3338 739 3402 hoc
758 3337 860 3422 ipsum
875 3339 909 3402 in
923 3348 1057 3405 tractatu
1077 3340 1115 3404 de
1129 3340 1230 3406 tribus
1244 3341 1399 3405 coutinuis

296 3461 434 3520 accurate
459 3450 642 3536 explicatum
664 3456 722 3514 est.
780 3449 823 3512 At
848 3449 961 3535 vulgus
987 3451 1083 3536 (quod
1108 3451 1197 3517 multi
1223 3451 1398 3538 philosophi

297 3568 336 3631 ob
362 3563 519 3628 illusiones
544 3560 793 3646 phantasmatum
817 3560 929 3625 imitati
955 3570 1038 3642 sunt,
1062 3571 1094 3627 et
1116 3563 1287 3648 imitantur)
1313 3563 1397 3644 dicit,

296 3678 429 3765 spatium
445 3696 574 3740 vacuum
589 3695 654 3738 esse
669 3674 861 3757 capacitatem
881 3695 936 3737 seu
950 3675 1119 3759 potentiam
1133 3675 1315 3761 receptivam
1330 3697 1397 3740 eor-

296 3813 404 3877 porum
414 3814 424 3868 3
447 3795 478 3852 et
504 3785 638 3871 spatium
659 3784 784 3869 impleri,
804 3784 888 3869 quod
905 3795 952 3849 est
973 3784 1056 3850 idem
1076 3807 1111 3850 ac
1132 3786 1242 3867 dicere,
1262 3787 1397 3872 spatium

296 3925 361 3968 esse
385 3899 539 3986 quoddam
565 3897 755 3961 subiectum:
784 3918 842 3961 nee
871 3896 1034 3962 defuerunt
1060 3896 1114 3983 qui
1142 3898 1234 3963 etiam
1257 3899 1397 3984 explicite

296 4014 448 4090 docerent,
464 4009 597 4095 spatium
611 4030 677 4073 esse
691 4009 850 4073 metum
864 4018 960 4073 motus
975 4010 1075 4074 &realia
1089 4019 1119 4073 et
1134 4009 1193 4074 alia
1206 4011 1396 4076 huiusmodi.

297 4126 341 4189 Hi
362 4144 469 4188 omnes
491 4120 628 4204 cogitant
649 4119 783 4204 spatium
798 4141 928 4184 vacuum
950 4129 1107 4206 tamquam
1128 4121 1242 4207 aliquid
1262 4122 1395 4187 indeter-

294 4239 445 4302 minatum
469 4255 588 4298 summe
613 4230 917 4311 determinabilem]
943 4239 1101 4319 tamquam
1123 4234 1293 4318 potentiam
1319 4255 1395 4320 pure

294 4345 487 4432 receptivam,
501 4352 555 4409 aut
574 4365 687 4428 purum
709 4341 851 4422 nihilum,
868 4343 935 4426 nisi⁸
946 4353 1113 4430 occupetur
1134 4353 1205 4411 actu
1229 4368 1392 4432 corporeo:
