3212 4986
239 352 309 397 car.
325 334 379 416 11.]
726 357 768 400 nn
785 357 860 402 nso.
1297 342 1341 406 39

237 516 343 600 gibilia
367 517 401 580 in
430 519 530 602 primo
553 519 716 604 exemplari
742 521 787 604 (in
813 543 875 606 quo
898 543 961 586 non
985 529 1059 586 sunt
1082 522 1259 603 formaliter,
1286 525 1339 590 aed

236 628 417 712 eminenter)
443 629 553 694 sedin
577 631 755 716 exemplatio
784 632 903 712 creatis,
929 632 1097 717 inquibus
1123 641 1195 698 aunt
1219 634 1276 698 sub
1300 635 1338 701 iia

234 739 481 820 formalitatibus,
497 741 554 806 sub
569 742 682 827 quibus
696 765 731 808 ea
746 743 1014 828 apprehendimus.

593 997 778 1043 narremus
794 999 974 1043 SECUNDUS.

484 1151 568 1213 Deus
582 1149 706 1234 estserae
721 1151 812 1214 totius
826 1150 937 1213 ordinis
950 1149 1078 1212 moralis.

273 1288 327 1349 48.
351 1284 436 1350 Ordo
464 1286 588 1350 moralis
617 1286 829 1371 complectitur
853 1307 944 1350 omne
973 1286 1057 1372 quod
1085 1286 1212 1352 honeste
1237 1287 1333 1352 amari

230 1403 342 1479 potest,
368 1404 460 1480 prout
485 1404 557 1460 actu
580 1404 701 1461 amatur
729 1396 767 1460 ab
790 1396 894 1482 aliqua
918 1397 1085 1464 voluntate.
1130 1397 1219 1463 Circa
1241 1419 1331 1483 quem

229 1506 367 1570 ordinem
381 1507 492 1570 iterum
508 1506 626 1572 attendi
645 1517 776 1592 possunt
789 1507 868 1573 tria:
890 1508 1075 1594 principium
1089 1508 1155 1574 eius
1169 1518 1331 1589 muratum,

229 1639 284 1682 seu
298 1617 399 1703 quod:
423 1618 608 1704 principium
623 1621 804 1704 proximum,
815 1643 868 1686 seu
883 1643 962 1706 quo:
985 1629 1016 1685 et
1031 1620 1162 1707 denique
1176 1620 1242 1707 ipae
1256 1622 1331 1687 ordo

229 1728 352 1794 moralis
365 1751 402 1794 ex
415 1739 547 1815 utroque
561 1729 723 1795 resultans.

271 1838 459 1925 Principium
482 1850 633 1906 remotum
648 1842 763 1907 ordinis
786 1842 908 1909 moralis
926 1851 972 1908 est
990 1842 1123 1930 duplex:
1146 1844 1329 1911 obieetivum

228 1960 259 2016 et
285 1951 521 2018 subiectivumu
580 1952 770 2038 Principium
801 1954 996 2034 obiectivum,
1026 1956 1110 2041 quod
1139 1955 1199 2022 dici
1227 1967 1331 2042 posset

227 2064 378 2128 materiale
392 2072 544 2143 remotum,
559 2072 606 2129 est
622 2063 744 2129 infinita
764 2064 910 2149 perfectio
930 2065 1068 2130 entitatis
1088 2065 1197 2130 divinae
1211 2066 1330 2132 infinite

227 2174 375 2256 amabilis,
391 2175 463 2261 quia
485 2175 605 2242 infinite
628 2177 761 2261 cognita,
777 2184 808 2240 et
830 2176 959 2242 infinitis
981 2176 1079 2241 modis
1099 2176 1254 2242 imitabilis
1275 2201 1330 2243 seu

225 2287 443 2373 participabilis
457 2287 497 2352 ad
510 2296 603 2352 extra.
650 2287 719 2353 Hoc
740 2287 926 2372 principium
941 2296 988 2351 est
1007 2287 1109 2372 itaque
1124 2288 1255 2351 essentia
1268 2287 1329 2352 Dei

226 2421 288 2462 non
311 2407 347 2461 ut
369 2398 591 2483 cognoscibilis,
608 2398 661 2463 sed
682 2407 718 2463 ut
740 2399 864 2484 cognita
885 2397 1008 2463 aPatre
1029 2398 1062 2462 in
1078 2398 1176 2463 Filio:
1199 2399 1271 2484 quia
1292 2408 1328 2464 ut

159 2592 163 2598 ῃ
225 2509 268 2575 sio
291 2512 415 2595 cognita
439 2510 531 2576 habet
554 2511 703 2575 rationem
728 2510 812 2590 boni,
836 2518 867 2575 et
893 2519 939 2575 est
969 2510 1125 2575 obiectum
1153 2510 1328 2577 necessariae

225 2621 458 2706 complacentia.
503 2621 692 2706 Principium
711 2621 923 2700 subiectivum,
939 2620 1022 2706 quod
1037 2620 1097 2686 dici
1118 2629 1222 2706 posset
1236 2631 1327 2687 mate-

224 2733 298 2797 riale
313 2735 491 2818 proximam,
508 2741 554 2797 est
572 2732 698 2797 actualis
720 2731 940 2818 complacentia
962 2731 1091 2812 infinita,
1108 2754 1177 2818 quae
1190 2734 1328 2818 procedit

224 2867 262 2910 ex
274 2845 412 2910 bonitate
429 2845 551 2909 infinita
565 2845 722 2930 adaequate
742 2843 875 2928 cognita.
922 2844 997 2908 Haec
1015 2842 1234 2929 complacentia
1248 2845 1327 2910 adoe-

224 2966 299 3042 quat
316 2957 427 3022 obiecti
447 2957 602 3034 meritum,
618 2963 649 3020 et
670 2954 830 3040 aequivalet
849 2954 978 3020 infinitis
1000 2955 1228 3040 complacentiis
1247 2955 1326 3022 adae·

219 3060 389 3154 'quantibua
400 3091 506 3133 omnes
519 3067 635 3153 gradus
649 3067 761 3146 meriti,
771 3065 941 3130 secundum
957 3089 1035 3152 quos
1050 3089 1171 3131 summa
1181 3067 1326 3152 perfectio

223 3190 270 3246 est
292 3179 511 3266 participabilis
534 3178 574 3242 ad
593 3192 686 3243 extra.
731 3176 900 3242 Ostensum
922 3186 969 3242 est
995 3187 1098 3242 autem
1122 3200 1226 3262 supra,
1245 3178 1326 3243 hano

222 3290 474 3376 complacentiam
493 3291 526 3353 in
545 3289 613 3353 Deo
635 3310 699 3352 esse
724 3287 826 3371 ipsum
850 3286 1001 3371 Spiritum
1025 3287 1182 3366 Sanctum,
1199 3287 1254 3371 qui
1279 3295 1326 3351 est

222 3402 348 3466 actualis
370 3422 456 3465 anion
477 3409 545 3464 tum
567 3399 795 3484 appretiatione,
814 3406 882 3461 tum
904 3397 1061 3463 effectivus
1075 3397 1176 3463 Patris
1198 3407 1229 3463 et
1244 3398 1325 3496 Filii,

221 3522 253 3577 et
272 3514 371 3597 prima
390 3521 481 3598 atque
501 3510 622 3575 infinita
643 3511 786 3574 honestas
808 3508 983 3589 subiectiva‚
1006 3509 1204 3574 materialiter
1225 3510 1326 3574 consi·
1438 3515 1442 3525 '

223 3625 335 3690 derata.

265 3736 455 3820 Principium
469 3734 641 3820 proximum
656 3733 771 3797 ordinis
786 3733 919 3814 moralis,
930 3756 984 3798 seu
998 3755 1060 3819 quo
1074 3733 1210 3798 formalis
1225 3755 1324 3798 mora-

254 3890 272 3930 *
289 3887 374 3943 Nulla
384 3891 426 3942 est
437 3886 468 3940 in
476 3886 535 3940 Deo
547 3884 687 3940 disdnctio
695 3885 795 3940 obiecti
806 3901 823 3939 a
835 3883 964 3954 subiecto,
973 3887 1005 3938 ut
1016 3888 1093 3956 patet
1102 3901 1136 3938 ex
1148 3883 1322 3956 supradietis:

220 3975 268 4031 sed
276 3974 381 4030 utimur
390 3974 435 4029 his
445 3973 569 4028 terminis
580 3973 615 4027 ad
622 3972 819 4044 designandum
827 3989 914 4026 unum
924 3977 953 4026 et
963 3971 1037 4026 idem
1048 3971 1119 4026 reale
1128 3976 1209 4043 prout
1220 3971 1323 4045 duplici

220 4063 301 4117 modo
312 4061 418 4117 anobis
430 4059 580 4133 concipitur
591 4076 654 4114 cum
663 4058 838 4112 fundamento
850 4057 879 4111 in
890 4075 935 4112 re:
954 4056 1030 4111 aliud
1039 4057 1112 4111 enim
1123 4063 1165 4112 est
1175 4058 1323 4112 secundum

220 4155 381 4223 conceptum
398 4153 521 4202 nostrum
536 4146 689 4201 amabilitas
700 4146 761 4215 Dei,
774 4145 849 4200 aliud
866 4144 1063 4217 complacentia
1077 4145 1111 4199 de
1128 4145 1236 4218 propria
1247 4163 1322 4201 ama·

219 4236 342 4292 bilitate:
359 4236 433 4309 prior
444 4232 527 4289 habet
537 4233 671 4290 rationem
687 4231 794 4301 obiecti,
808 4233 925 4288 secunda
940 4231 1024 4286 habet
1034 4231 1168 4288 rationem
1180 4237 1257 4288 actus
1267 4249 1322 4305 quo

220 4324 271 4380 hoc
283 4323 420 4379 obiectum
432 4319 582 4392 attingitur.
