3240 4986
265 368 334 413 car.
350 349 405 433 ru]
718 371 762 414 nu
780 372 910 416 monuo.
1304 353 1366 416 109

265 530 377 596 virtute
400 529 502 596 divina
522 530 691 615 productus
713 532 894 598 terminetur
916 531 956 600 ad
977 554 1039 597 non
1061 554 1117 597 ens
1141 540 1298 619 tamquam
1328 533 1367 598 ad

265 643 432 709 terminum
447 642 505 708 sibi
520 643 668 709 debitum.
714 643 793 710 Vide
808 645 846 710 de
859 644 967 730 primis
981 644 1139 730 principiis
1152 668 1185 710 n.
1200 648 1253 724 33,
1269 648 1322 711 34.

309 759 362 821 35.
385 754 542 832 Quaentm
570 757 671 835 tertio,
694 779 733 821 aa
754 759 843 822 etiam
864 758 1030 822 adstantia
1050 757 1216 840 spiritualis
1232 757 1368 842 firmite

266 870 358 934 attilo
373 869 529 934 educenda.
547 910 548 914 =

267 1029 269 1032 -
311 979 493 1065 Respondeo
515 980 701 1046 affirmative.
747 983 830 1046 Nam
851 982 885 1045 in
907 981 993 1047 omni
1013 981 1164 1067 spirituali
1186 979 1368 1061 substantia,

266 1092 331 1157 solo
345 1093 413 1157 Deo
428 1100 562 1177 excepto,
575 1101 621 1156 est
636 1101 724 1157 actus
738 1101 769 1157 ct
783 1092 930 1178 potentia
977 1091 1088 1158 Omnis
1103 1101 1205 1158 autem
1220 1094 1367 1178 potentia,
1491 1127 1496 1136 ·

266 1227 334 1289 quae
355 1204 455 1289 primo
477 1212 628 1284 actuatur,
643 1204 736 1270 habet
757 1204 907 1270 rationem
930 1204 1121 1270 constitutivi
1143 1205 1315 1285 materialis,
1332 1213 1367 1269 ut

266 1314 436 1401 loquuntur
453 1315 637 1401 philosophi,
658 1316 860 1382 etiamsinon
880 1317 920 1382 sit
938 1316 1060 1402 proprie
1081 1316 1163 1381 dicta
1184 1316 1319 1396 materia,
1338 1324 1368 1380 et

223 1408 226 1413 ⁵
264 1427 374 1512 accipit
403 1427 538 1512 primum
567 1451 633 1492 esse
662 1427 828 1493 formaliter
857 1428 895 1494 ab
925 1436 996 1493 actu
1026 1428 1113 1493 cuius
1142 1435 1189 1493 est
1220 1428 1367 1512 potentia.

267 1539 399 1603 Necesse
413 1545 460 1602 est
474 1538 581 1624 igitur,
595 1548 631 1604 ut
647 1543 783 1624 potentia
798 1540 957 1620 eiusmodi,
974 1547 1139 1625 antequam
1152 1548 1285 1624 ponatur
1299 1540 1369 1604 talis

265 1659 363 1731 actus,
378 1650 501 1715 nullum
515 1673 582 1715 esse
595 1651 747 1732 babuerit,
763 1674 818 1716 seu
831 1652 911 1716 nihil
925 1652 1028 1717 luerit.
1071 1651 1164 1716 Unde
1178 1673 1269 1716 omne
1285 1653 1370 1737 quod

268 1769 387 1826 constat
402 1770 473 1826 actu
486 1770 518 1827 et
530 1764 669 1861 potentia
683 1787 720 1829 ex
734 1764 832 1828 nihilo
846 1749 1036 1849 producitur.
1080 1763 1159 1827 Vide
1173 1763 1211 1828 de
1226 1763 1368 1828 substan·
1419 1803 1423 1814 ·
1469 1835 1472 1842 ¹

268 1871 311 1936 tia
326 1872 479 1958 spirituali
491 1895 524 1937 n.
541 1875 573 1953 5,
588 1875 620 1938 6.
664 1875 800 1958 Apparet
819 1882 931 1954 autem,
947 1874 1039 1939 ctiam
1058 1874 1174 1938 animas
1191 1873 1367 1954 bestiarum,

268 1984 295 2048 si
318 1985 380 2049 sint
401 1985 589 2065 substantie,
605 1992 641 2050 ut
656 1984 777 2051 videtur
793 1985 961 2052 tenendum
976 2009 1013 2052 ex
1028 1965 1117 2053 dictis¹
1131 1986 1213 2066 ahbi,
1228 1986 1299 2051 oriri
1315 2009 1370 2072 per

267 2099 451 2163 creationem
475 2120 514 2163 ex
536 2097 643 2178 nihilo,
658 2121 755 2184 quum
782 2120 819 2163 ex
838 2107 909 2164 actu
928 2106 959 2162 et
980 2099 1117 2184 potentia
1136 2106 1288 2164 constent.
1335 2099 1368 2163 Si

267 2209 337 2296 quis
352 2232 423 2275 vero
444 2209 534 2290 dicat,
555 2232 606 2274 eas
626 2232 690 2274 non
711 2231 776 2275 esse
794 2211 989 2290 substantias,
1007 2218 1082 2275 tunc
1101 2232 1165 2274 non
1183 2210 1282 2278 solum
1304 2232 1368 2275 non

268 2321 326 2386 erit
349 2343 472 2386 necesse
496 2305 612 2406 'ponere
637 2343 688 2386 eas
716 2320 805 2386 educi
833 2344 870 2386 ex
898 2321 1005 2402 nihilo,
1035 2322 1089 2387 sed
1118 2321 1281 2388 dicendum
1311 2321 1368 2386 erit

267 2455 318 2498 eas
329 2433 428 2503 educi
449 2431 487 2497 de
505 2431 644 2526 potentia
665 2432 799 2497 materiae
818 2433 987 2518 organica:
1010 2441 1042 2499 at
1060 2433 1119 2498 boc
1138 2432 1283 2497 ultimum
1305 2454 1368 2496 non

266 2545 387 2612 videtur
412 2543 649 2624 admittendum,
673 2553 708 2609 ut
731 2552 873 2610 notatum
899 2552 946 2610 est
971 2545 1004 2610 in
1028 2553 1160 2611 tractatu
1180 2546 1218 2611 de
1242 2545 1367 2611 homine

267 2659 394 2722 anea
409 2679 471 2742 seq.

310 2769 364 2833 36.
386 2768 433 2832 le
454 2766 609 2852 praedietis
632 2774 762 2848 constat,
777 2789 883 2832 omnes
905 2768 960 2854 qui
981 2769 1149 2834 admittunt
1173 2768 1284 2834 realem
1306 2769 1367 2833 exi-

267 2879 411 2945 stentiam
434 2877 553 2958 mundi,
576 2878 609 2942 id
631 2885 678 2943 est
700 2901 790 2944 omne
812 2901 911 2962 genus
939 2879 1121 2960 humanum,
1143 2901 1207 2944 non
1236 2879 1368 2965 exceptis

268 2990 414 3056 idealistis
446 2989 518 3074 (nisi
546 2989 625 3054 forte
655 2989 736 3082 dum
753 2988 891 3054 scribunt
916 2990 1065 3055 theorias:
1097 2990 1154 3056 etsi
1178 2990 1369 3057 etiamtunc

268 3102 419 3168 adamum
441 3100 569 3166 idealem
591 3124 609 3166 a
630 3100 703 3165 reali
726 3101 841 3186 optime
863 3101 1071 3187 distinguunt)
1096 3103 1164 3189 cogi
1190 3104 1229 3168 ad
1258 3104 1368 3169 admit-

267 3213 397 3280 tendum
418 3212 579 3279 creationis
598 3212 725 3276 factum.
772 3211 893 3298 Siquis
912 3214 993 3279 enim
1015 3215 1166 3280 mundum
1189 3216 1368 3306 existentem

269 3331 455 3410 agnosceret,
471 3332 502 3388 et
516 3323 630 3388 factum
646 3321 807 3387 creationis
823 3323 912 3388 simul
929 3333 1065 3409 negaret,
1080 3325 1107 3389 is
1122 3325 1238 3390 nullam
1261 3335 1368 3412 poten-

268 3435 344 3503 tiam
365 3433 516 3521 passivam
537 3433 572 3497 in
594 3432 683 3497 rebus
705 3432 914 3498 mundialibus
935 3443 1038 3519 posset
1060 3434 1229 3517 admittere,
1252 3438 1369 3502 nullam
1418 3515 1420 3519 ι

268 3546 499 3633 possibilitatem
515 3543 705 3623 mutationis,
716 3543 894 3625 velocitatis,
904 3553 957 3609 aut
972 3544 1190 3632 cuiuscumque
1199 3549 1368 3632 passionis:

269 3657 415 3746 perquod
424 3665 582 3742 cogeretur
593 3677 716 3720 omnem
732 3677 838 3720 sensus
854 3664 884 3719 et
899 3655 1025 3720 rationis
1040 3656 1226 3730 evidentiam
1237 3658 1369 3741 reiicere,

268 3779 300 3836 et
311 3770 408 3855 ipsam
419 3766 529 3832 mundi
539 3767 740 3846 existentiam,
750 3787 819 3851 quae
829 3775 964 3831 maneret
973 3767 1038 3831 sine
1046 3766 1235 3852 probatione,
1247 3791 1368 3855 negare,

269 3891 322 3948 aut
338 3857 404 3947 sine
418 3880 480 3945 ulla
493 3879 611 3944 ratione
626 3879 794 3944 admittere.

312 3997 365 4061 37.
389 3992 546 4069 Quaeritur
560 3998 679 4076 quarto,
694 3999 793 4054 utrum
807 3990 923 4075 aliquid
935 4001 1064 4056 creatum
1078 3994 1118 4056 sit
1133 3994 1169 4056 ab
1184 4001 1301 4058 caterno.

187 4111 216 4168 '.
313 4105 495 4190 Respondeo
512 4103 663 4187 negative.
708 4102 790 4166 Nam
808 4103 969 4174 creariest
989 4111 1061 4168 actu
1080 4103 1201 4168 realiter
1218 4127 1254 4169 cx
1273 4105 1371 4171 nihilo

269 4218 367 4284 educi.
414 4215 476 4280 Sed
490 4215 516 4278 si
531 4213 607 4298 quid
621 4213 658 4277 ab
674 4191 786 4279 aeterno
801 4213 870 4294 fuit,
886 4213 964 4279 illud
978 4237 1146 4304 numquam
1162 4216 1221 4280 suit
1236 4217 1323 4297 nihil,
1339 4228 1370 4284 et

268 4329 337 4395 ideo
351 4348 520 4413 numquam
537 4347 573 4389 ex
587 4324 684 4388 nihilo
698 4324 818 4389 realiter
833 4333 903 4389 actu
918 4324 1006 4390 educi
1028 4326 1138 4410 potnit.
1183 4327 1267 4412 Ergo
1286 4329 1370 4393 nulla
