3212 4986
275 351 319 414 56
755 370 800 414 ns
817 371 893 418 nro.
1217 347 1304 432 [car.
1322 367 1378 410 ιιι.

276 535 412 602 divinam
433 535 688 622 omnipotentiam
701 535 740 601 ad
759 545 843 604 extra
860 559 915 623 per
934 545 1037 602 actum
1051 535 1217 602 creativum
1235 533 1380 617 importat

277 648 434 714 terminari
454 648 556 734 aliquo
571 647 662 714 modo
683 648 787 714 omnia
806 647 909 714 divina
930 647 1078 714 attribute
1092 646 1131 712 ad
1152 654 1237 712 extra
1251 644 1309 709 sub
1332 642 1378 706 di-

278 761 371 826 versis
386 761 566 828 rationibus.
601 760 684 825 Hinc
698 760 734 824 fit
748 769 785 824 ut
800 759 929 845 singulm
938 759 1139 844 perfectiones
1154 755 1300 824 absolutae
1309 753 1378 832 Dei,

279 880 315 935 ιιι
329 871 431 958 aliquo
451 872 542 941 modo
557 873 727 938 terminate
740 872 872 938 termino
894 871 966 936 reali
980 872 1019 936 ad
1034 879 1127 948 extra,
1143 868 1234 934 modo
1248 864 1380 952 quodam

279 981 403 1048 relativo
418 985 601 1050 considerari
615 984 743 1069 possint,
757 992 793 1049 ut
807 1006 890 1049 nunc
905 982 1131 1068 explicabimus.

323 1095 376 1160 68.
400 1095 509 1181 Itaque
523 1095 623 1181 primo
638 1117 692 1180 per
707 1103 810 1160 actum
828 1093 994 1160 creativum
1009 1114 1093 1158 amor
1108 1089 1304 1168 necessarius,
1320 1109 1381 1172 quo

280 1203 367 1270 Deus
385 1206 487 1292 diligit
505 1207 650 1292 seipsum,
666 1206 760 1272 libere
774 1205 958 1270 terminatur
972 1204 1012 1268 ad
1028 1205 1145 1268 bonum
1168 1202 1378 1278 extrinsecum,

280 1325 311 1380 et
336 1319 496 1382 constituit
519 1318 622 1383 Deum
646 1316 814 1382 formaliter
839 1323 992 1380 amantem
1017 1314 1146 1399 gloriam
1169 1312 1207 1378 ab
1233 1321 1326 1390 extra,
1345 1319 1381 1374 ut

280 1429 372 1493 latius
398 1438 565 1514 exponetur
588 1430 621 1493 in
641 1437 772 1493 tractatu
795 1436 951 1513 sequente.
997 1427 1072 1492 Haec
1095 1424 1192 1511 gloria
1212 1423 1305 1488 habet
1324 1445 1379 1508 pro

281 1539 349 1604 Deo
370 1549 407 1605 ut
421 1550 542 1606 creante
560 1540 709 1605 rationem
724 1539 794 1604 finis
816 1561 882 1604 ase
898 1536 993 1603 libere
1011 1536 1215 1616 determinati,
1231 1535 1380 1621 siquidem

280 1651 374 1717 libere
388 1660 481 1733 creat,
497 1652 550 1718 sed
564 1651 733 1718 necessario
748 1650 972 1715 determinandi
987 1649 1013 1714 si
1033 1649 1159 1714 omnino
1173 1656 1263 1714 creet.
1308 1647 1381 1712 Ter·

281 1763 416 1828 minatur
426 1764 484 1828 iste
498 1787 583 1829 amor
597 1764 637 1829 ad
651 1763 780 1849 gloriam
794 1763 993 1828 extrinsecam
1007 1762 1162 1847 primerio,
1174 1769 1209 1825 ut
1225 1759 1264 1826 ad
1278 1761 1382 1839 finem,

281 1874 460 1940 secundario
480 1886 582 1940 autem
604 1876 643 1941 ad
665 1897 772 1940 omnes
792 1884 887 1954 aetus,
903 1874 957 1959 qui
973 1882 1046 1938 sunt
1063 1872 1164 1937 media
1184 1871 1223 1936 ad
1240 1870 1380 1936 eumdem

281 1987 384 2066 finem,
398 1995 430 2051 et
445 2009 522 2072 quos
542 2009 647 2051 omnes
661 1987 748 2050 Deus
763 1986 830 2051 vult
847 1985 890 2069 (in
906 1993 1057 2071 quantum
1077 1982 1247 2069 procedunt
1255 1985 1382 2068 positive

281 2121 317 2164 ex
332 2097 409 2183 ipro)
427 2097 640 2163 efficacissime.
686 2097 803 2183 Nequit
818 2096 899 2160 enim
918 2118 983 2160 esse
997 2106 1084 2161 actus
1099 2094 1221 2160 divinus
1235 2094 1274 2159 ad
1288 2104 1382 2173 extra,

281 2210 336 2295 qui
353 2217 452 2274 careat
467 2232 523 2274 suo
542 2209 615 2275 reali
629 2210 772 2275 termine.
816 2208 900 2272 Hinc
913 2207 1108 2292 predefirritio
1124 2209 1250 2271 omniurn
1266 2214 1383 2270 actuum

281 2331 430 2402 menturae,
446 2323 544 2405 quood
556 2323 589 2386 id
601 2323 679 2406 qued
691 2330 734 2386 eet
743 2322 904 2405 positivum
919 2321 950 2382 in
961 2320 1051 2403 prsis:
1075 2319 1226 2403 quidquid
1239 2319 1321 2384 enim
1337 2330 1383 2384 est

281 2434 458 2518 negativum
474 2432 520 2497 vel
543 2433 725 2517 privativum
741 2431 848 2516 nequit
870 2453 935 2494 esse
953 2431 1103 2495 terminus
1117 2441 1204 2496 aetus
1227 2431 1332 2510 divini,
1348 2442 1384 2496 ut

281 2555 375 2630 patet.
422 2545 497 2608 Haec
511 2542 712 2629 praedefinitio
734 2542 926 2627 singulorum
948 2542 1050 2606 lolium
1072 2551 1189 2609 ortuum
1210 2543 1384 2607 continetur

281 2658 315 2720 in
334 2656 478 2720 volitione
493 2656 563 2719 telis
578 2657 681 2740 ylerriae
701 2654 885 2734 extrinsecae,
901 2666 931 2718 et
953 2653 1030 2718 bene
1056 2653 1274 2738 distinguenda
1299 2665 1346 2718 est
1365 2678 1384 2719 a

275 2769 579 2853 praedeteminatioce
595 2769 721 2850 physico
745 2765 888 2830 humanm
914 2765 1100 2830 voluntatis:
1127 2765 1211 2830 aliud
1233 2767 1314 2830 enim
1338 2775 1385 2831 est

282 2878 545 2964 praedeterminere
565 2876 757 2941 existentiam
779 2885 866 2940 actus
880 2876 1005 2956 volitivi‚
1022 2876 1104 2942 aliud
1121 2877 1385 2961 praedeterminare

283 2992 380 3075 ipsam
406 2991 551 3056 virtutem
577 2988 707 3054 volendi.
767 2989 906 3054 Primum
931 2990 1077 3075 relinquit
1105 2990 1287 3071 libertatem,
1314 2991 1386 3076 quia

280 3102 480 3190 praedefinitio
502 3111 588 3167 actus
609 3103 645 3166 fit
667 3101 850 3186 praelucente
874 3102 1000 3168 scientia
1022 3102 1132 3183 media,
1148 3103 1186 3170 de
1208 3126 1269 3188 qua
1292 3126 1385 3190 supra

283 3219 329 3300 (ιι.
357 3216 410 3292 56,
440 3216 516 3296 orl:
551 3214 719 3288 secundum
750 3214 962 3278 antecedenter
991 3214 1123 3280 excludit
1151 3215 1384 3300 possibilitatem

282 3334 368 3390 actus
382 3324 525 3410 oppositi,
540 3347 636 3411 quum
655 3325 837 3390 determinet
856 3326 981 3412 physice
999 3327 1097 3412 ipsam
1113 3326 1257 3392 virtutem
1279 3350 1384 3413 opera·

283 3439 396 3517 tivam3
418 3447 449 3501 et
464 3438 507 3502 sie
522 3437 629 3523 nequit
644 3437 786 3522 componi
800 3460 871 3502 cum
885 3438 1034 3503 libertate.

326 3548 374 3613 Ex
399 3569 434 3613 eo
460 3549 543 3634 quod
567 3549 654 3612 Deus
674 3548 747 3613 velit
773 3549 900 3633 gloriam
927 3550 1135 3629 extrinsecam,
1160 3573 1224 3615 non
1250 3552 1386 3638 sequitur

283 3659 350 3725 fieri
368 3660 402 3723 in
419 3659 487 3724 Deo
510 3661 685 3725 tendentium
704 3659 743 3724 ad
764 3660 857 3724 finem
873 3664 958 3744 (nam
976 3661 1100 3726 tendere
1122 3674 1168 3726 est
1187 3685 1386 3749 eorumquae

285 3780 455 3849 moventur,
466 3770 553 3834 Deus
564 3780 667 3834 autem
682 3794 741 3836 nen
754 3780 884 3836 movetur
894 3772 1015 3856 proprie
1030 3772 1129 3850 afine,
1141 3779 1177 3836 ut
1188 3771 1387 3857 explicabitur

284 3885 317 3948 in
340 3891 485 3968 sequente
505 3890 647 3962 tractatu,
663 3905 695 3947 n.
711 3883 778 3966 48),
795 3883 848 3947 sed
869 3892 990 3947 tentum
1005 3883 1071 3948 fieri
1094 3883 1127 3946 in
1147 3883 1222 3967 ipsis
1241 3887 1387 3950 creaturis

284 3994 473 4060 tendentium
488 3992 655 4059 adfinem:
679 4002 710 4058 et
726 3994 768 4058 sic
786 3995 845 4059 dici
860 4003 963 4078 posset
978 3995 1017 4059 ad
1033 4017 1188 4059 summum
1204 3997 1287 4081 quod
1301 3998 1387 4062 Deua

284 4105 384 4172 tendit
409 4104 448 4168 ad
471 4106 565 4170 finem
588 4127 642 4189 per
665 4105 799 4170 actiones
822 4115 1039 4186 creaturarum,
1062 4107 1095 4171 id
1118 4116 1165 4172 est
1188 4107 1327 4173 faciendo
1353 4119 1388 4174 ut

284 4224 429 4282 creaturae
448 4215 587 4280 tendant.
632 4215 714 4279 Nam
734 4215 834 4281 dicere
856 4216 940 4302 quod
961 4240 1046 4282 amor
1064 4217 1124 4283 Dei
1146 4219 1329 4284 terminatur
1349 4220 1389 4284 ad

283 4328 414 4413 aliquem
430 4325 533 4403 finem,
549 4334 595 4389 est
611 4326 719 4407 dicere,
735 4337 848 4406 actum,
864 4351 926 4413 quo
938 4328 1025 4393 Deus
1044 4352 1075 4394 se
1091 4328 1202 4414 diligit,
1218 4330 1337 4414 exigere
1354 4342 1387 4395 ut
