3212 4986
272 325 316 386 44
741 343 780 386 oa
798 343 871 388 nro.
1235 321 1319 405 [car.
1336 341 1375 383 11.

271 517 380 574 neuter
401 508 434 572 in
457 508 534 588 Deo,
558 531 680 573 summo
702 509 848 574 realitatis
870 507 970 572 omnis
1000 507 1158 593 principio,
1182 516 1371 586 contentum,

271 619 500 706 praescindendo
526 621 564 685 ab
590 621 675 686 omni
698 623 848 686 creatione
872 621 961 699 lacta,
986 620 1069 684 etin
1094 620 1183 704 signo
1212 620 1305 705 priori
1334 617 1372 683 ad

151 723 155 734 ’
271 731 458 796 voluntatem
474 731 605 797 creandi.
651 731 736 798 Ordo
751 732 840 796 realis
852 732 895 798 sic
906 740 1047 816 acceptus
1058 731 1271 816 complectitur
1283 753 1373 796 omne

271 843 356 929 quod
376 852 477 928 potest
494 844 619 930 physice
640 843 766 908 existere
786 843 819 906 in
841 851 952 906 natura
972 864 1083 922 rerum,
1100 842 1268 907 secundum
1289 841 1372 928 quod

271 957 332 1021 iam
347 957 522 1021 continetur
536 957 569 1021 in
586 957 697 1022 virtute
712 956 841 1020 alicuius
856 979 964 1020 causae.

315 1067 504 1153 Principium
524 1076 676 1132 remotum
700 1066 815 1131 ordinis
831 1066 919 1131 realis
940 1066 982 1130 sic
998 1066 1113 1153 accepti
1128 1075 1174 1130 est
1189 1065 1310 1131 realitas
1325 1066 1371 1129 in·

270 1179 366 1259 finita,
383 1180 501 1245 infinite
516 1179 650 1264 cognita,
666 1179 785 1244 infinite
801 1187 910 1258 amata,
926 1177 1046 1242 infinite
1061 1177 1289 1263 participabilis,
1304 1199 1373 1263 qnae

269 1299 316 1355 est
346 1290 412 1374 ipsa
433 1290 492 1354 Dei
514 1291 644 1354 essentia
666 1289 822 1374 adaequate
845 1299 978 1374 sumpta,
1004 1296 1037 1353 ut
1060 1289 1185 1375 physice
1207 1288 1319 1368 existit,
1342 1297 1373 1352 et

270 1410 429 1487 propterea
444 1409 535 1485 prout
547 1401 682 1466 continet
693 1401 726 1465 in
738 1423 794 1465 sua
805 1423 924 1464 summa
935 1400 1071 1465 realitate
1082 1400 1213 1486 primam
1224 1400 1372 1466 rationem

271 1514 371 1578 onmis
386 1513 573 1578 realiaabilis.

314 1624 502 1709 Principium
525 1625 698 1710 proximum
720 1625 855 1690 eiusdem
879 1626 995 1691 ordinis
1017 1635 1063 1691 est
1086 1625 1188 1690 divina
1205 1625 1302 1691 virtus
1324 1626 1371 1688 in-

271 1736 357 1800 finita
381 1737 446 1820 (seu
469 1737 700 1801 terminabilitas
717 1737 883 1802 extrinseca
898 1737 992 1803 divini
1007 1746 1094 1803 actus
1109 1737 1148 1802 ad
1163 1736 1298 1801 infinitos
1313 1744 1373 1801 ter·

271 1849 382 1930 minos)
400 1871 432 1912 se
450 1848 615 1913 extendens
637 1848 676 1913 ad
693 1871 783 1912 omne
802 1848 970 1914 reclinabile
990 1851 1055 1914 sine
1075 1849 1260 1934 exceptione,
1276 1847 1308 1912 id
1326 1855 1373 1911 est

272 1959 374 2024 valens
400 1959 513 2024 imitari
537 1960 575 2025 ad
601 1968 685 2024 extra
712 1983 797 2025 suam
826 1960 993 2025 realitatem
1024 1961 1192 2026 secundum
1219 1959 1372 2046 quoslibet

272 2069 385 2154 gradus
399 2069 578 2134 imitationis
594 2070 780 2155 cogitabiles.
827 2070 901 2134 Haec
917 2049 1024 2150 virtus,
1036 2071 1226 2157 inadaequate
1241 2078 1372 2154 accepta,

271 2181 309 2245 ad
332 2181 468 2266 singulas
491 2182 638 2246 Personas
668 2181 787 2247 divinas
815 2183 957 2266 pertinet,
981 2182 1137 2267 adaequate
1166 2182 1199 2245 in
1228 2180 1372 2245 omnibus

272 2293 362 2358 simul
385 2293 497 2358 existit.
542 2295 624 2358 Nam
640 2295 736 2360 virtus
758 2293 921 2358 reclinandi
943 2294 1061 2380 aliquid
1081 2293 1121 2358 ad
1142 2303 1227 2358 extra
1245 2293 1373 2378 requirit

271 2413 302 2470 et
331 2406 500 2471 realitatem
530 2406 659 2490 primam
687 2405 877 2484 imitabilem,
900 2414 931 2470 et
957 2405 1066 2484 ideam,
1090 2428 1151 2490 qua
1173 2413 1374 2490 cognoscatur

271 2516 380 2580 modus
402 2516 590 2596 imitationis,
607 2525 637 2580 et
660 2538 745 2580 amor
766 2515 836 2580 talis
857 2515 1038 2581 imitationis
1060 2517 1208 2601 cognita:
1232 2540 1300 2602 quae
1314 2517 1374 2581 tria

271 2628 312 2693 ad
324 2635 388 2694 tres
403 2628 551 2694 Personas
566 2629 704 2692 ordinate
719 2628 903 2693 referuntur.
948 2628 1097 2693 Praeterea
1112 2629 1144 2692 in
1160 2629 1245 2694 omni
1262 2637 1373 2714 agente

270 2739 455 2825 principium
478 2739 667 2824 operativum
690 2748 735 2802 est
758 2746 867 2803 natura
889 2738 975 2803 eius:
998 2739 1031 2803 in
1049 2739 1117 2804 Deo
1139 2753 1242 2804 autem
1265 2749 1375 2804 natura

272 2851 368 2916 estin
388 2850 486 2916 tribus
508 2850 601 2915 simul
615 2849 758 2914 Personis
778 2873 840 2914 una
860 2859 891 2915 et
910 2849 1027 2915 eadem.
1072 2850 1179 2915 Virtus
1194 2851 1290 2934 igitur
1304 2874 1373 2936 pro·

272 2960 404 3024 ducendi
419 2983 473 3024 ens
487 2961 567 3026 reale
582 2970 628 3025 est
644 2961 738 3024 totius
749 2960 924 3025 Trinitatis:
947 2970 993 3025 est
1009 2971 1112 3025 autem
1127 2962 1226 3046 prima
1234 2961 1375 3026 absolute

271 3071 378 3152 virtus,
394 3094 488 3156 eaque
503 3071 642 3151 infinita3
664 3071 887 3157 propterquod
907 3071 1020 3136 dicitur
1039 3074 1256 3156 omnipotentio.
1301 3073 1375 3136 Non

271 3189 375 3246 tamen
391 3181 501 3246 dicitur
516 3184 721 3266 totipotentia:
745 3191 812 3246 tum
828 3183 900 3268 quia
915 3183 1105 3263 realizabilia,
1118 3194 1152 3248 ut
1168 3185 1201 3248 in
1212 3185 1279 3249 Deo
1291 3193 1374 3265 suut,

272 3317 335 3360 non
361 3295 477 3359 faciunt
501 3295 625 3380 aliquod
650 3302 763 3375 totum,
783 3317 879 3379 quum
906 3317 970 3358 non
997 3296 1058 3358 sint
1076 3305 1178 3380 partes
1202 3296 1374 3363 distinctae:

272 3417 341 3472 tum
361 3407 433 3492 quia
454 3415 606 3492 repugnat
630 3414 728 3471 status
748 3428 860 3484 rerum,
876 3405 909 3469 in
930 3427 992 3491 quo
1012 3406 1089 3470 nihil
1105 3408 1236 3492 supersit
1251 3409 1375 3473 arbitrio

272 3519 333 3583 Dei
347 3518 532 3584 realiaabile:
556 3526 622 3583 tum
639 3518 711 3605 quia
725 3518 758 3581 in
775 3517 924 3582 totalitate
939 3517 1156 3582 realinabilium
1168 3529 1240 3584 sunt
1256 3521 1376 3585 infinita

271 3630 505 3696 contradictoria
522 3639 552 3695 et
571 3630 730 3708 contraria,
747 3651 816 3714 quae
836 3651 868 3692 se
891 3637 999 3693 mutuo
1020 3629 1195 3711 excludunt,
1211 3641 1247 3696 ut
1266 3632 1375 3698 Petrus

272 3765 349 3828 puer
363 3751 394 3807 et
408 3742 519 3808 Petrus
534 3765 634 3822 senex,
651 3741 776 3806 Paullus
792 3740 900 3804 redens
921 3749 951 3804 ct
967 3740 1092 3806 Paullus
1114 3742 1275 3808 ambulans
1295 3753 1375 3825 etc,

273 3855 355 3919 unde
371 3854 509 3940 sequitur
523 3855 636 3920 Deum.
648 3875 711 3917 non
734 3874 823 3937 posse
843 3851 935 3916 simul
952 3861 1075 3917 actuare
1091 3853 1273 3920 totalitatem
1289 3857 1376 3921 reali·

274 3966 428 4032 nobilium.

316 4078 401 4144 Ordo
421 4080 509 4144 realis
528 4077 680 4144 resultans
700 4099 736 4141 ex
753 4076 802 4140 bis
817 4076 974 4161 principiis
999 4075 1077 4139 nihil
1092 4076 1175 4142 aliud
1191 4088 1237 4143 est
1252 4079 1312 4144 nisi
1327 4081 1374 4144 in-

273 4191 360 4256 finita
380 4189 546 4254 multitudo
570 4190 770 4253 terminorum
791 4187 823 4250 in
844 4186 946 4251 divina
966 4187 1189 4271 omnipotentia
1207 4191 1376 4256 virtualiter

273 4302 442 4366 eminenter
465 4309 689 4380 contentorum,
712 4321 765 4364 seu
789 4298 828 4363 ad
853 4319 931 4382 quos
957 4297 1078 4366 divinus
1104 4307 1189 4370 actus
1208 4301 1376 4368 extrinsece
