3186 4982
223 387 298 429 von.
315 365 371 450 11.]
546 385 704 430 aroanna
719 385 760 432 ar
775 383 994 429 annnorum.
1261 357 1328 428 267

222 553 286 607 dam
301 549 449 624 imaginem
466 551 520 606 rei:
549 557 576 606 et
591 551 663 606 siout
678 550 775 622 nequit
792 549 886 606 haberi
897 550 985 622 figtua
995 565 1058 604 cum
1070 543 1151 604 unic'o
1162 553 1271 623 puncto,
1283 546 1330 602 tta

223 639 320 710 nequit
339 637 434 693 haberi
451 638 513 693 idea
526 637 632 711 proprie
648 654 711 694 cum
729 637 809 692 unico
824 636 942 711 simplici
961 635 1086 705 termino,
1098 640 1127 691 et
1144 635 1215 691 sicut
1232 633 1329 709 positis

222 725 328 780 duobus
347 730 397 780 aut
416 724 538 798 pluribus
554 721 664 797 punctis
680 723 775 778 statim
792 721 910 778 habetur
926 723 1014 795 figura
1030 723 1060 777 in
1072 722 1168 796 spatio,
1180 721 1220 776 ita
1231 721 1329 794 positis

225 811 331 866 duobus
351 817 399 866 aut
417 810 539 884 pluribus
557 809 680 864 terminis
700 809 730 863 in
750 827 805 864 uno
825 808 930 864 obiecto
950 808 1074 880 cognitis,
1096 808 1191 864 statim
1214 808 1329 864 habetur

222 898 315 969 aliqua
325 897 388 953 idea
400 897 429 951 in
441 903 547 952 mente:
575 895 732 950 sicutenim
747 896 835 968 figura
852 895 920 951 dicit
936 895 1081 950 relationes
1101 895 1173 950 inter
1189 894 1327 965 terminos,
1352 947 1356 954 .

221 984 262 1038 ita
274 989 303 1038 et
314 983 382 1039 ideo.
421 982 549 1055 Cognitio
561 989 654 1038 autem
666 982 851 1051 terminorum,
861 999 975 1054 quorum
983 983 1053 1037 ratio
1065 983 1174 1055 cognita
1186 982 1330 1040 constituit

222 1070 320 1141 ideam,
340 1070 440 1124 dicitur
460 1069 576 1142 simplex
595 1069 697 1138 notitia
714 1067 865 1140 etquidem
886 1067 1015 1138 evidens?
1040 1069 1183 1148 nonenim
1200 1069 1328 1126 audiendi

222 1159 286 1210 sunt
295 1155 422 1209 Reidiani
435 1155 604 1210 adstruentes
615 1170 717 1208 ooecsm
728 1154 812 1208 fidem
824 1157 929 1208 naturae
941 1153 1100 1226 prestitam

256 1236 323 1306 Pap.
337 1237 396 1290 280.
410 1237 454 1291 lin.
467 1236 509 1290 22
528 1253 634 1290 rernm:
656 1236 756 1306 corripe
767 1235 883 1290 animae:

259 1324 495 1394 55585157.
514 1323 548 1378 ds
560 1322 754 1392 accidentibus,
767 1324 833 1376 adde
844 1339 905 1394 quar
923 1322 1037 1378 maximi
1054 1323 1186 1378 momenti
1203 1329 1252 1394 est,
1263 1323 1329 1396 quia

221 1410 350 1465 intimum
361 1429 463 1466 nexum
474 1410 558 1466 habet
569 1427 632 1464 cum
644 1407 769 1464 omnibus
781 1409 962 1483 philosophiae
972 1409 1103 1482 partibus,

153 1540 163 1549 ..
256 1498 326 1552 leia
340 1497 384 1553 lia.
398 1497 439 1551 12.
457 1496 639 1570 phaenominis
651 1497 751 1566 corripe
762 1496 948 1568 phoenomenis

255 1584 321 1654 Pap.
333 1585 393 1638 291.
408 1585 451 1639 lin.
466 1585 508 1638 15.
527 1583 693 1638 extensionis
705 1582 845 1638 virtualis:
863 1583 963 1654 corrige
975 1583 1141 1638 extensionis
1152 1584 1324 1656 potentialis:

255 1671 321 1741 Poq.
335 1671 395 1724 293.
409 1671 454 1725 lia.
468 1671 509 1725 13.
529 1669 652 1727 extensio
671 1708 740 1725 ....
759 1669 1046 1740 accidentalawrrr'pe
1060 1669 1176 1726 relatio.
1190 1711 1197 1726 .
1212 1708 1219 1726 .
1233 1670 1325 1727 .acci·

220 1756 337 1828 dentale,
1267 1801 1269 1806 .
1291 1803 1295 1812 .

255 1843 320 1913 Pap.
334 1844 393 1898 294.
408 1843 452 1898 loia
468 1844 510 1898 19.
529 1843 685 1898 terminatio
694 1846 736 1897 est
744 1841 906 1915 conspiratio
918 1843 1018 1914 corripe
1030 1842 1099 1898 ratio
1111 1847 1153 1898 est
1161 1860 1219 1899 esse
1230 1845 1325 1899 termi-

219 1947 288 1983 num
300 1929 507 2002 conspirationis

255 2017 320 2086 Pcp.
335 2017 394 2071 296.
408 2017 453 2070 laia
466 2017 509 2070 34.
529 2021 653 2070 motuum
666 2015 766 2085 corrige
778 2014 964 2069 mechanicam

254 2104 320 2172 Pop.
334 2103 451 2157 293115.
465 2103 489 2158 7.
509 2103 633 2172 actionis,
645 2103 745 2172 corripe
756 2101 912 2171 activitatis,

255 2189 322 2243 Ibid.
338 2190 381 2243 lin.
397 2189 439 2243 10.
458 2189 645 2260 cognoscentis
657 2193 686 2244 et
697 2188 800 2260 cogniti
811 2190 911 2259 corripe
922 2193 998 2244 actus
1010 2194 1039 2244 et
1050 2189 1160 2245 termini

254 2276 320 2346 Pop.
334 2276 395 2330 302.
409 2276 453 2330 lia.
468 2277 491 2330 1.
510 2275 667 2330 terminatio
679 2282 721 2330 est
732 2274 895 2348 conspiratio
907 2277 1009 2347 corripe
1020 2277 1091 2332 ratio
1107 2283 1217 2333 estesse
1230 2280 1323 2334 termi-

220 2381 287 2416 num
296 2363 501 2434 conspirationis
608 2415 611 2420 .
794 2399 798 2404 ·

253 2450 320 2505 leia
334 2452 378 2505 lia.
391 2453 416 2505 6.
435 2451 608 2520 resautatem5
622 2451 727 2520 ‘corripe
738 2450 912 2505 resultantem
919 2469 927 2520 ;

254 2539 321 2592 Itid.
335 2539 380 2593 lin.
390 2539 432 2592 21.
452 2538 524 2592 actio
536 2539 635 2608 corripe
647 2543 723 2592 actus

254 2625 322 2680 Itis.
335 2625 378 2680 tin.
393 2626 435 2678 23.
455 2625 525 2680 actio
534 2625 635 2678 iterum
648 2623 748 2694 compe
759 2627 835 2678 actus
846 2623 988 2679 effectivus

253 2712 319 2781 Pop.
329 2712 389 2766 303.
404 2712 449 2765 lin.
460 2713 488 2766 9.
507 2729 539 2765 55
550 2711 609 2784 ips'e
621 2711 723 2780 corripe
734 2728 767 2764 ec
778 2710 838 2782 ipso

254 2800 320 2868 Pap.
333 2798 393 2852 305.
408 2798 452 2853 lin.
466 2799 508 2852 25,
526 2815 588 2868 quae
602 2797 703 2867 corripe
714 2797 786 2869 quod

253 2884 457 2954 1553121155
477 2884 518 2938 15.
538 2883 746 2951 substantiales;
765 2884 831 2937 odda
854 2887 887 2937 ut
905 2883 1013 2954 quando
1030 2883 1058 2939 S.
1076 2884 1194 2940 Thomas
1216 2887 1322 2958 (contra

218 2978 290 3042 gent.
304 2971 351 3026 lib.
364 2971 404 3026 iii.
422 2988 446 3026 c.
458 2968 508 3042 46)
527 2969 567 3025 sic
585 2971 689 3042 argmit:
709 2971 770 3024 Hoc
785 2971 840 3041 r'prao
858 2971 927 3041 qnod
945 2970 1062 3042 (anima)
1076 2973 1190 3044 percepti
1208 2993 1234 3028 ae
1246 2993 1322 3045 apere

213 3057 325 3128 percipit
343 3077 369 3112 ec
384 3075 454 3127 55555
474 3058 530 3128 agit
547 3063 634 3111 autem
645 3075 697 3128 per
715 3057 844 3127 sapsams
861 3058 929 3110 ands
934 3075 987 3128 per
997 3059 1107 3129 55955555
1118 3061 1243 3130 copnoacr't
1254 3063 1323 3132 quod

217 3150 262 3197 est.
298 3143 337 3198 Et
347 3144 400 3198 hoc
414 3160 469 3197 non
480 3143 555 3198 valet
567 3144 657 3198 solum
670 3143 704 3198 de
721 3143 827 3198 actione
843 3143 950 3212 animas,
963 3144 1012 3199 sed
1027 3145 1115 3200 onmis
1131 3163 1218 3202 causes
1237 3147 1321 3203 effici-

217 3230 304 3300 cntis;

251 3318 374 3373 luduin.
388 3317 431 3372 20.
450 3317 582 3372 Doctoris.
600 3318 695 3372 Adde:
714 3317 752 3371 Et
760 3316 848 3390 magis
861 3317 988 3391 explicite
1000 3318 1040 3374 ait
1053 3326 1091 3392 (p.
1107 3321 1130 3374 1.
1144 3338 1169 3394 q.
1180 3323 1223 3377 42.
1237 3324 1319 3395 a1):

217 3405 324 3458 Rr'rrrua
341 3406 443 3477 51155155
447 3404 549 3477 formes
565 3411 603 3458 est
618 3422 687 3463 essa·
704 3423 768 3458 nom
783 3405 867 3459 manis
879 3423 921 3459 rea
933 3406 1009 3460 habet
1024 3425 1077 3461 essa
1090 3411 1229 3464 secundum
1245 3429 1321 3466 acam

211 3490 350 3561 sormam.-
369 3493 494 3545 secandus
510 3497 597 3545 aalma
614 3493 717 3564 effectm
735 3497 772 3546 est
789 3495 924 3562 operatio:
942 3511 1005 3546 nam
1022 3511 1097 3548 omae
1113 3515 1191 3566 opens
1203 3497 1257 3568 epit
1269 3517 1321 3570 per

216 3595 291 3631 auam
301 3576 432 3649 somnam.
469 3577 603 3650 Loquitur
615 3582 708 3632 autem
719 3577 771 3632 hoc
782 3578 843 3633 loco
854 3579 888 3634 ‹le
901 3597 932 3634 ea
943 3579 1030 3635 forma
1041 3598 1102 3653 quae
1114 3583 1257 3639 constituit
1273 3603 1322 3640 ens

218 3664 248 3718 in
260 3683 308 3720 sua
319 3671 423 3720 natura.

253 3751 319 3821 Pop.
332 3753 392 3805 313.
406 3751 450 3806 tia.
465 3752 506 3806 12.
525 3751 666 3808 diversorii
677 3753 777 3823 conspe
788 3753 934 3808 adversarii

254 3837 322 3892 Itid.
335 3838 380 3891 lin.
401 3839 442 3892 16.
462 3838 656 3893 05551551555
674 3840 774 3910 corrige
791 3839 884 3909 Sexto,
900 3840 925 3894 ei
943 3841 1015 3913 quod
1032 3842 1157 3898 accidens
1175 3851 1217 3899 est
1232 3845 1321 3902 virtus

218 3923 315 3993 activa,
328 3941 375 3978 ens
393 3923 423 3978 in
441 3924 495 3978 alio
511 3924 631 3979 existens
648 3925 773 3998 producit
790 3927 881 3980 enain
898 3927 951 3981 alio
968 3927 1103 3984 existens:
1122 3931 1198 4002 atqui
1214 3932 1267 3987 hoc
1278 3938 1321 3990 ast

217 4009 401 4082 impossibile;
420 4027 491 4082 ergo.
527 4011 600 4066 Nam
613 4012 701 4065 omnis
712 4011 799 4066 virtus
811 4012 936 4067 effectiva
949 4019 990 4068 est
1000 4015 1030 4068 in
1041 4015 1113 4070 linea
1125 4017 1196 4072 entis
1212 4019 1320 4074 infinite

217 4098 367 4170 superantis
384 4115 465 4152 suum
482 4097 616 4168 effectum,
628 4104 661 4154 ut
678 4099 851 4154 ostendemus
867 4100 896 4153 in
911 4105 1028 4155 tractatu
1041 4102 1187 4158 demando
1201 4105 1240 4176 (n.
1253 4107 1317 4178 39):

216 4191 245 4239 et
258 4203 313 4238 non
327 4184 417 4238 minus
430 4189 572 4256 repugnat,
591 4185 764 4240 velocitatem
782 4205 807 4241 v.
823 4204 862 4258 gr.
879 4188 1024 4260 producere
1040 4189 1123 4243 aliam
1137 4191 1318 4262 velocitatem,

216 4288 299 4342 quam
319 4271 486 4325 elementum
506 4272 651 4344 producere
672 4272 747 4327 aliud
768 4274 941 4344 elementum,
963 4280 1011 4329 aut
1031 4276 1150 4332 animam
1173 4279 1318 4350 producere

217 4358 299 4413 aliam
310 4357 436 4412 animam.
474 4357 669 4413 Concludimus
