3186 4982
287 337 353 400 304
660 360 764 404 ranas
779 361 1016 410 ouronoorcoe.
1234 339 1321 424 [esa.
1339 360 1399 403 111.

286 525 348 574 actu
360 525 389 575 et
397 521 526 594 potentia,
538 521 574 576 ad
585 524 740 595 ponendum
752 523 878 578 effectum
890 529 1058 593 necesseest,
1072 530 1103 578 ut
1115 523 1200 578 virtus
1212 523 1303 579 activa
1311 541 1400 595 agen·

285 605 321 661 tis
333 607 493 662 terminetur
504 614 567 664 actu
578 609 613 664 ad
628 611 780 682 potentiam
791 611 865 665 illius
883 616 959 666 actus
971 611 1152 683 receptivam:
1180 616 1209 664 et
1222 611 1251 664 in
1262 610 1314 664 hoc
1327 627 1397 664 con·

286 691 358 747 sistit
369 695 489 749 mutatio.
526 694 583 750 Rea
600 701 693 750 autem
705 701 821 766 cameto,
835 715 884 751 seu
896 703 968 751 actua
979 697 1007 751 ia
1014 697 1134 767 potentio
1145 701 1278 769 recaptus,
1291 695 1396 750 dicitur

285 797 328 834 ras
339 779 441 850 effecta,
453 781 498 836 vel
509 781 669 854 simpliciter
680 785 788 856 affectae.
825 783 894 838 Haec
907 783 1069 838 causationis
1081 783 1228 855 explicatio
1240 782 1293 854 ipsi
1310 781 1397 836 etiam

285 866 414 922 creationi
426 868 557 939 congruit,
571 869 675 924 sirecte
688 869 857 942 intelligatur
869 869 962 941 (VIII.
975 888 1002 922 n.
1017 869 1127 940 28-31).

320 951 363 1006 75.
382 952 472 1007 (lausa
484 953 601 1009 efficiens
613 973 667 1010 non
680 961 722 1010 est
732 955 792 1028 ipsa
803 956 890 1010 virtus
902 955 992 1010 activa
1004 955 1109 1027 agentis
1118 953 1266 1009 formaliter
1274 958 1395 1026 accepta,

285 1053 340 1109 quo
351 1040 432 1093 modo
444 1039 627 1096 consideratur
638 1048 671 1096 ut
682 1041 785 1114 aliquid
797 1041 910 1114 agentis,
924 1041 953 1096 id
965 1046 1050 1096 estut
1062 1041 1120 1096 eius
1132 1041 1337 1110 amicabatur,
1345 1041 1395 1094 sed

285 1143 367 1198 agens
383 1126 532 1181 secundum
544 1128 617 1199 quod
628 1132 670 1182 est
681 1145 744 1183 cum
762 1145 793 1182 ea
805 1127 914 1182 virtute.
952 1127 1035 1181 Ratio
1054 1127 1181 1199 estquis
1197 1127 1284 1182 virtus
1302 1126 1394 1181 activa

284 1219 316 1266 ut
327 1213 367 1267 sic
378 1213 500 1269 eontinet
511 1215 599 1268 solum
610 1214 743 1268 rationem
755 1214 921 1268 intensitetis
933 1214 1055 1281 actionis,
1063 1213 1134 1268 actio
1143 1231 1206 1269 vero
1215 1213 1301 1286 exigit
1309 1213 1394 1266 etiam

285 1299 474 1370 directiomm3
493 1317 557 1354 nam
567 1301 655 1355 omnis
666 1301 751 1354 motio
764 1300 822 1356 sive
839 1301 942 1369 localis,
955 1301 1013 1356 sive
1026 1301 1138 1355 alterius
1151 1300 1260 1369 ordinis,
1272 1300 1316 1354 his
1324 1300 1393 1354 duo-

284 1386 335 1442 bus
347 1387 459 1460 indiget.
495 1387 616 1441 Directio
632 1405 696 1442 vero
708 1387 859 1442 desumitur
870 1405 887 1441 a
900 1386 1018 1441 termino
1037 1391 1155 1456 actuato,
1168 1405 1222 1441 non
1234 1385 1268 1441 ab
1280 1391 1342 1440 actu
1361 1390 1394 1440 ut

183 1543 186 1550 ι
285 1474 331 1528 sic.
369 1474 449 1528 Unde
468 1474 503 1527 ad
520 1472 672 1528 habendam
683 1474 814 1528 virtutem
829 1474 948 1529 activam
960 1474 1111 1545 adaequate,
1129 1492 1238 1530 necesse
1249 1479 1292 1528 est
1302 1473 1394 1528 consi·

284 1559 376 1616 derare
388 1560 477 1632 ipsum
489 1564 580 1614 actum
593 1560 799 1615 substantialem
817 1578 866 1615 suo
884 1559 1001 1614 termino
1014 1560 1161 1615 intrinseco
1173 1561 1348 1632 completum,
1362 1564 1393 1614 et

284 1646 323 1700 sic
339 1645 452 1700 ulterius
471 1646 670 1701 terminabilem
691 1647 897 1702 accidentaliter.
942 1646 1004 1701 Hoc
1025 1651 1117 1700 autem
1138 1651 1180 1700 aet
1198 1647 1285 1701 dicere
1304 1645 1393 1718 ipsam

286 1732 465 1787 substantiam
476 1733 582 1804 agentis
600 1739 633 1788 ut
649 1739 772 1806 paratam
789 1735 824 1789 ad
842 1734 984 1807 agendum.
1022 1732 1113 1798 Quare
1131 1751 1188 1786 esse
1206 1750 1315 1788 causam
1332 1731 1392 1787 effi-

285 1821 403 1877 cientem
420 1821 548 1876 convenit
565 1822 618 1895 ipsi
636 1822 795 1878 substantia
814 1822 919 1894 agentis
937 1821 1087 1895 completae.
1124 1821 1199 1876 Hinc
1215 1826 1292 1895 patet
1309 1837 1394 1892 quara

286 1909 391 1963 dieatm
403 1909 476 1980 quod
488 1909 599 1963 actm
610 1916 670 1964 areat
681 1911 879 1980 appositorum.

319 1995 362 2050 76.
382 1994 510 2050 Oonditio
522 1996 679 2066 essentialis,
688 1996 745 2051 sine
758 2013 811 2068 qua
822 1997 899 2050 nulla
911 2005 1031 2050 ereatura
1042 2013 1151 2050 causare
1162 2000 1259 2068 potest,
1270 1999 1311 2050 est
1318 1993 1394 2048 exis-

283 2083 370 2136 tentia
380 2081 490 2136 termini
501 2082 581 2137 realis
593 2083 736 2139 actuabilis
753 2082 826 2137 intra
843 2083 978 2155 sphaeram
990 2082 1138 2137 activitatis
1157 2082 1269 2154 agentis.
1306 2081 1392 2136 Ratio

284 2175 325 2223 eet
337 2168 401 2240 quia
415 2185 495 2223 causa
506 2176 595 2224 creata
612 2187 665 2224 non
677 2169 803 2242 producit
819 2169 873 2223 nisi
891 2169 1029 2224 occidam:
1058 2168 1181 2223 accidens
1197 2185 1261 2223 vero
1271 2168 1394 2240 postulat

283 2255 366 2328 recipi
377 2255 406 2308 in
421 2254 487 2309 reali
499 2254 627 2310 subiecto.
666 2254 768 2310 Contra
779 2255 929 2310 substantie
946 2255 1075 2324 increata,
1089 2255 1167 2308 cuius
1178 2273 1236 2309 esse
1254 2261 1295 2308 est
1311 2253 1391 2308 abso-

282 2343 340 2398 lute
351 2342 543 2415 independens,
556 2359 610 2395 non
621 2341 735 2413 requirit
747 2341 921 2402 existentiam
938 2341 1048 2396 termini
1063 2341 1143 2395 realis
1161 2347 1194 2395 ut
1205 2341 1391 2403 conditionem

284 2429 319 2483 ad
331 2429 512 2482 ceruendum:
530 2434 591 2482 tum
605 2428 669 2500 quia
677 2428 788 2482 effeetus
803 2428 925 2501 proprius
937 2445 1025 2484 causae
1037 2429 1164 2482 increatae
1178 2433 1219 2482 est
1230 2427 1390 2496 substantia,

284 2531 345 2586 quaa
358 2520 399 2569 est
410 2514 439 2568 in
451 2514 539 2587 seipsa
551 2520 579 2568 et
590 2532 645 2568 non
657 2515 786 2587 recipitur
798 2514 826 2568 in
839 2514 979 2569 subiecto:
998 2519 1058 2568 tum
1067 2514 1133 2586 quia
1144 2513 1167 2567 si
1180 2531 1261 2568 causa
1268 2512 1390 2567 increata

284 2601 412 2674 penderet
424 2601 453 2654 in
471 2601 604 2674 operando
622 2601 656 2655 ab
674 2601 820 2655 existentia
837 2601 956 2658 cuiusvis
974 2601 1095 2669 subiecti,
1108 2618 1163 2654 non
1181 2604 1253 2654 esset
1269 2600 1391 2654 absolute

284 2688 487 2761 independens:
517 2694 578 2743 tum
598 2689 661 2760 quia
681 2689 837 2743 redderetur
857 2687 1031 2762 impossibilis
1055 2687 1174 2760 operatio
1197 2687 1305 2760 propria
1331 2687 1388 2759 pri-

284 2793 336 2831 mae
349 2793 445 2844 causae,
458 2793 506 2830 seu
523 2775 632 2846 creatio,
648 2791 710 2846 quea
726 2774 806 2830 debet
824 2793 883 2830 esse
902 2793 937 2828 ex
954 2775 1041 2829 nihilo
1059 2773 1102 2829 sui
1116 2779 1145 2828 et
1161 2773 1275 2829 subiecti
1294 2773 1387 2844 (VIII.

283 2880 310 2915 n.
324 2862 382 2933 28).

319 2948 462 3003 Existente
474 2948 589 3002 termino
601 2947 668 3003 reali
677 2948 805 3003 actuabili
813 2948 884 3002 intra
893 2949 1027 3020 sphaeram
1036 2946 1184 3002 activitatis
1193 2947 1305 3019 agentis,
1315 2947 1391 3001 nulla

283 3034 338 3089 alia
349 3035 469 3089 conditio
480 3035 625 3106 requiritur
636 3036 670 3090 ad
681 3035 735 3089 boc
746 3041 778 3089 ut
789 3052 871 3090 causa
878 3036 1009 3106 producat
1020 3053 1099 3088 suum
1107 3033 1238 3088 effectrm,
1274 3033 1313 3087 Et
1321 3034 1389 3088 ratio

285 3125 333 3188 est,
346 3121 411 3190 quia
422 3121 495 3174 actui
506 3121 593 3192 primo
605 3121 675 3175 nihil
693 3121 767 3175 aliud
783 3122 867 3190 deest,
879 3120 934 3175 nisi
951 3120 1083 3175 terminus
1100 3119 1153 3175 sibi
1171 3119 1342 3189 conveniens,
1356 3124 1388 3174 ut

284 3207 420 3260 detectus
433 3207 571 3260 secundus.
608 3207 753 3278 Excipitur
763 3208 850 3263 virtus
863 3207 968 3280 agentis
985 3207 1071 3276 liberi,
1088 3223 1149 3280 quae
1168 3223 1223 3259 non
1241 3211 1283 3260 est
1300 3207 1388 3261 detar-

284 3293 388 3346 minata
407 3292 442 3346 ad
461 3309 565 3362 unum,
592 3310 763 3365 quamquam,
776 3295 800 3348 si
818 3300 914 3367 agetm·
933 3294 967 3349 de
987 3311 1118 3349 consensu
1135 3290 1229 3361 libero,
1247 3291 1391 3347 habebitru

285 3379 401 3450 simplex
413 3383 497 3447 actus,
509 3396 563 3432 non
576 3379 647 3434 actio
664 3379 803 3451 effectiva3
831 3382 933 3436 sivero
952 3386 1047 3454 agatur
1064 3380 1098 3434 de
1112 3378 1215 3434 viribus
1231 3379 1389 3449 executivis,

285 3465 340 3521 dici
357 3471 448 3539 potest
465 3466 543 3521 valde
561 3466 759 3537 convenienter,
773 3486 865 3522 earum
880 3467 1010 3522 terminos
1027 3465 1123 3521 debere
1134 3483 1182 3538 per
1193 3466 1280 3538 ipsam
1292 3467 1390 3521 volun-

284 3557 371 3607 tatem
387 3552 417 3606 in
435 3570 527 3607 aarum
544 3553 678 3624 sphaeram
690 3553 804 3609 actionis
815 3554 966 3610 introducit
985 3555 1057 3626 quod
1066 3553 1193 3623 ostendit,
1202 3552 1285 3608 etiam
1298 3554 1389 3609 inhoc
1463 3585 1470 3598 ι

285 3657 348 3694 casu
365 3657 419 3693 non
432 3639 512 3693 aliam
525 3639 708 3694 conditionem
719 3641 819 3712 requiri
831 3642 866 3695 ad
883 3640 1018 3695 actionem
1030 3639 1191 3710 effectivam,
1204 3640 1277 3694 ultra
1287 3639 1389 3712 praedi-

285 3731 360 3780 etam
373 3726 434 3798 (IV.
447 3744 474 3780 n.
487 3726 531 3796 81,
540 3725 596 3798 81).

321 3813 363 3867 77.
383 3813 479 3867 Virtus
496 3812 653 3868 substantiae
672 3815 778 3868 estsine
790 3815 871 3869 timete
883 3815 1016 3884 operativa
1028 3813 1100 3868 intra
1111 3831 1189 3868 suam
1200 3813 1317 3886 speeiem
1329 3818 1391 3868 tum

285 3899 443 3968 simultanee,
456 3904 516 3953 tum
528 3901 670 3955 successive.
706 3901 789 3955 Ratio
802 3906 850 3971 est,
863 3901 927 3973 quia
939 3900 1064 3956 activitas
1072 3919 1127 3955 non
1136 3900 1242 3972 indiget
1252 3900 1305 3954 nisi
1317 3900 1391 3973 posi-

285 3985 360 4039 tione
371 3985 480 4039 termini
494 3985 568 4040 intra
578 4003 655 4040 suam
666 3986 808 4058 sphaeram,
820 3992 851 4041 ut
862 3988 911 4041 fiat
922 3987 951 4040 in
963 3992 1027 4042 actu
1038 3987 1173 4056 secundo;
1191 4004 1281 4058 quare,
1293 3986 1389 4042 multi·

285 4072 393 4145 plicatis
414 4071 545 4142 terminis,
566 4073 763 4146 multiplicatur
785 4074 863 4128 actio.
909 4073 981 4128 Item
1004 4073 1130 4130 activitas
1153 4091 1207 4128 non
1231 4073 1390 4128 exhauritm

286 4158 398 4230 agendo,
409 4175 459 4213 nec
472 4159 645 4229 consumitur,
658 4177 708 4213 nec
719 4159 849 4232 fatigatam
866 4165 914 4214 aut
931 4159 1103 4229 debilitatum
1130 4177 1194 4214 nam
1206 4159 1331 4214 nativitas
1349 4164 1391 4216 est

285 4245 494 4300 terminabilitas
516 4251 598 4315 actus,
623 4263 677 4318 quo
698 4245 850 4302 substantia
872 4252 929 4317 est;
956 4251 984 4300 et
1007 4251 1207 4318 consequenter,
1230 4245 1301 4300 sicut
1319 4246 1390 4302 ratio

286 4331 391 4386 essendi
403 4331 560 4386 substantiae
578 4349 632 4386 non
650 4332 817 4386 consumitur
834 4350 882 4404 per
900 4332 1042 4401 actionem,
1055 4333 1093 4389 sio
1105 4350 1155 4388 nec
1173 4333 1232 4388 eius
1248 4331 1389 4402 activitas;
