3222 4984
229 391 300 434 (mr.
317 370 389 452 ιιι]
665 389 707 432 nn
725 389 890 433 russurro.
1264 371 1329 434 229

228 556 354 622 allatum
364 553 497 640 reipsum
507 552 658 633 destruit3
680 577 753 618 nam
762 554 789 619 si
803 577 939 619 camerac
947 553 1154 619 estmulta'tado
1163 563 1330 619 manarate

221 689 281 750 per
302 687 400 744 unum,
424 664 571 749 sequitur,
594 685 658 728 non
676 686 798 728 omnem
815 664 1047 728 multitudinem
1069 686 1135 728 esse
1155 685 1330 742 numerum,

226 778 283 842 sed
297 786 420 843 tanturn
435 799 502 841 eum
511 775 752 856 multitudinem,
763 800 826 860 quae
840 785 1025 842 mensuratur
1032 799 1091 861 per
1104 799 1202 840 uuum.
1248 776 1331 840 Nam

227 889 261 954 in
275 889 329 953 illa
344 889 520 953 delinitione
534 889 665 968 numeri,
681 910 738 954 uox
752 889 907 954 multitudo
922 888 1064 974 exprimit
1080 909 1190 972 genus,
1205 895 1237 952 et
1250 909 1329 952 mers·

226 1012 329 1067 aurata
346 1025 404 1087 per
425 1024 515 1066 unum
536 1000 678 1086 exprimit
701 999 914 1079 differentiam,
929 1023 991 1086 qua
1013 1000 1133 1065 sublata
1147 1020 1211 1063 non
1226 1008 1330 1064 manet

230 1113 344 1198 species
358 1112 488 1177 numeri.
532 1111 580 1175 Ex
594 1134 655 1196 quo
677 1111 801 1176 evidens
823 1120 879 1191 est,
896 1110 1128 1176 multitudinem
1145 1133 1199 1195 per
1214 1133 1246 1174 se
1261 1131 1329 1193 spe·

136 1205 145 1217 „
229 1232 339 1289 ctatam
356 1246 418 1288 non
434 1246 499 1288 esse
515 1222 572 1287 sub
588 1223 686 1306 specie
701 1223 833 1304 numeri,
843 1223 897 1288 sed
912 1245 977 1287 esse
988 1246 1091 1308 parus,
1108 1222 1166 1287 rub
1181 1244 1243 1308 quo
1257 1244 1330 1285 con·

228 1335 344 1399 tinetur
359 1357 505 1400 numerus
520 1342 679 1420 tamquam
694 1334 818 1418 species.
865 1334 949 1399 Hinc
964 1333 991 1398 si
1005 1334 1173 1399 multitudo
1189 1333 1229 1397 sit
1244 1355 1330 1397 men·

230 1447 370 1512 curabilis
395 1469 449 1530 per
471 1469 580 1525 unum,
596 1445 759 1510 habebitur
782 1468 939 1526 numerus,
956 1446 1009 1510 sed
1030 1444 1247 1510 simultitudo
1266 1466 1330 1508 non

229 1559 269 1624 sit
284 1557 496 1623 mensurabilis
510 1580 564 1643 per
578 1579 677 1621 unum
691 1579 755 1623 non
770 1557 883 1641 poterit
897 1556 1003 1621 haberi
1020 1579 1190 1621 numerus:
1213 1565 1244 1620 et
1259 1555 1330 1620 talis

228 1681 274 1736 est
289 1669 457 1734 multitudo
471 1669 600 1734 infinita.
645 1667 686 1732 llt
695 1690 750 1754 per
760 1669 824 1733 haec
835 1668 1006 1733 radicaliter
1015 1667 1148 1753 disparet
1158 1665 1329 1732 difficultas.

271 1785 324 1848 37.
352 1783 533 1845 orricium.
558 1779 668 1844 Omnis
678 1779 846 1844 multitudo
854 1779 981 1844 annalis
990 1787 1037 1844 est
1046 1778 1164 1864 aliquid
1177 1786 1327 1843 creatum:

228 1902 259 1958 et
274 1915 365 1957 omne
379 1900 515 1956 creatum
537 1898 584 1956 est
604 1891 661 1955 rub
684 1899 767 1955 certa
788 1891 958 1956 intentione
980 1891 1120 1956 creantis.
1167 1890 1229 1955 Sed
1243 1890 1329 1954 Deus

228 2006 358 2096 creando
381 2004 503 2068 infinita
527 2025 590 2067 non
613 2003 739 2067 haberet
765 2011 878 2067 certam
904 2003 1117 2068 intentionem.
1165 2002 1249 2087 Ergo
1274 2024 1329 2065 ne-

227 2125 348 2204 queunt
363 2115 456 2181 creari
471 2126 542 2181 actu
557 2114 688 2180 infinita.
732 2114 782 2179 le
797 2115 830 2179 S.
846 2115 965 2179 Thema
982 2115 1050 2198 (loc.
1066 2116 1145 2198 cit).

272 2227 455 2312 Respondeo
477 2249 502 2291 c.
529 2227 579 2290 M.
604 2250 633 2290 a.
660 2229 730 2291 mia.
775 2225 913 2290 Intentio
937 2226 1018 2290 sumi
1039 2234 1141 2311 potest
1156 2226 1328 2312 dupliciter,

229 2362 340 2425 nempe
350 2348 417 2404 tam
441 2359 496 2424 pro
518 2346 589 2402 actu
610 2337 794 2417 intellectus,
811 2361 903 2423 quam
918 2360 974 2423 pro
989 2346 1058 2403 actu
1073 2337 1249 2402 voluntatis.
1296 2335 1330 2400 si

228 2460 369 2516 sumatur
382 2472 439 2535 pro
453 2457 524 2514 actu
537 2448 713 2527 voluntatis,
729 2450 815 2513 Deus
830 2456 931 2534 potest
945 2449 1056 2514 habere
1077 2448 1213 2513 infinitas
1227 2448 1328 2511 inten-

227 2564 327 2628 tiones
354 2584 408 2626 seu
429 2562 507 2625 fines
530 2564 563 2625 in
585 2560 727 2639 creando,
742 2560 783 2624 ad
801 2559 1057 2624 manifestandam
1078 2560 1207 2625 infinitis
1229 2561 1329 2626 modis

228 2698 315 2740 suam
341 2673 596 2759 omnipotentiam
619 2681 651 2737 et
676 2672 750 2737 alias
774 2672 986 2756 perfectiones,
1013 2672 1038 2738 si
1064 2671 1146 2738 velit.
1202 2673 1236 2737 Si
1259 2696 1330 2739 vero

230 2795 370 2852 sumatur
396 2785 528 2850 intentio
553 2807 609 2870 pro
633 2792 704 2850 actu
728 2783 914 2861 intellectus,
935 2783 1013 2849 falso
1037 2784 1222 2869 supponitur
1246 2786 1330 2870 quod

228 2897 387 2962 intendere
406 2897 555 2961 intuitum
577 2896 610 2960 in
629 2896 750 2960 infinita
768 2895 809 2960 sit
830 2895 941 2960 habere
960 2897 1101 2960 incertam
1115 2895 1328 2977 intentionem,

229 3008 335 3074 saltem
351 3031 407 3094 pro
421 3009 499 3073 Deo.
543 3007 619 3072 Ideo
633 3007 715 3072 enim
730 3029 786 3072 nos
795 3007 917 3071 infinita
931 3007 1071 3072 videmus
1081 3007 1327 3089 indeterminate,

229 3123 300 3208 quia
311 3121 468 3185 infinitum
479 3128 551 3184 actu
564 3141 628 3184 non
643 3119 780 3205 positive,
791 3119 845 3183 sed
855 3120 995 3204 negative
1009 3120 1204 3205 percipimus,
1215 3129 1246 3185 et
1257 3121 1329 3206 quia

229 3231 543 3320 perimaginationem
555 3237 711 3295 tentamus
720 3252 900 3316 componere
911 3230 1066 3295 infinitum
1077 3253 1132 3316 per
1140 3231 1328 3296 additionem

227 3347 394 3426 finitorum,
410 3345 444 3409 in
466 3366 527 3429 qua
549 3342 725 3428 operatione
741 3341 899 3407 indefinite
918 3343 1111 3428 procedimus
1130 3352 1161 3408 et
1182 3365 1246 3408 non
1260 3365 1329 3428 per·

229 3458 369 3522 venimus
390 3477 536 3540 umquam
561 3453 600 3517 ad
622 3460 736 3517 certem
758 3452 978 3516 intentionem:
1002 3452 1057 3517 sed
1078 3452 1174 3532 Deus,
1190 3454 1244 3538 qui
1265 3475 1329 3518 non

230 3569 313 3634 videt
327 3567 484 3631 infinitum
499 3563 706 3649 computando
719 3571 820 3647 partes
834 3572 905 3648 post
919 3573 1031 3648 partes,
1048 3563 1101 3628 sed
1121 3572 1222 3628 totum
1237 3563 1329 3629 simul

229 3688 260 3744 et
275 3679 412 3764 positive,
428 3677 534 3742 eodem
548 3676 639 3741 modo
654 3674 854 3739 determinate
868 3675 1023 3759 cognoscit
1036 3674 1167 3755 infinita,
1179 3675 1258 3740 sicut
1272 3699 1329 3740 nos

228 3790 428 3855 determinate
443 3785 656 3871 cognoscimus
669 3784 766 3848 finita.
804 3784 964 3849 Infinitum
977 3785 1058 3850 enim
1074 3808 1137 3850 nou
1152 3795 1198 3851 est
1213 3787 1330 3872 aliquid

228 3901 260 3964 in
274 3921 306 3963 se
316 3896 597 3974 indeterminatum,
609 3893 663 3958 sed
672 3893 765 3958 habet
775 3917 862 3964 suam
874 3894 1156 3960 determinationem
1165 3897 1328 3979 infinitam,

226 4035 290 4098 qua
303 4009 366 4074 tale
380 4007 586 4085 constituitur,
602 4015 633 4069 et
647 4005 707 4069 tale
722 4027 788 4070 esse
802 4005 997 4091 cognoscitur
1011 4007 1049 4071 ab
1058 4029 1093 4072 eo
1103 4008 1156 4093 qni
1165 4017 1266 4094 potest
1276 4010 1328 4075 de-

230 4121 478 4188 terminationem
497 4117 649 4183 infinitam
674 4138 875 4202 cognoscere:
907 4127 983 4199 erto,
998 4118 1137 4184 videatur
1150 4100 1331 4187 indetermi-

224 4243 332 4300 natum
349 4231 447 4311 nobis,
463 4230 516 4316 qui
525 4229 609 4293 illam
625 4227 908 4296 determinationem
918 4252 981 4294 non
991 4252 1154 4315 possumus
1165 4233 1329 4330 percipere,

227 4349 334 4413 saltem
350 4343 489 4430 positive.
