3186 4982
281 341 346 404 258
604 363 767 408 ronanus
784 363 824 407 nr
840 363 1067 408 annaneane.
1240 339 1330 423 [von.
1346 358 1389 400 11.

279 525 416 582 animam:
435 529 483 584 ssd
500 533 574 599 tunc,
587 530 639 586 etsi
656 547 704 604 per
720 531 918 604 separationem
935 529 1033 584 anima
1047 547 1063 584 a
1079 544 1188 601 corpore
1205 529 1297 599 pereat
1314 542 1391 578 com-

280 611 400 684 positum
420 614 525 685 Petrus,
539 634 595 671 non
615 623 708 672 tamen
728 617 800 690 perit
820 617 919 686 anima,
931 633 992 689 que
1011 620 1054 670 est
1070 620 1147 670 actus
1164 612 1293 686 physicus
1312 611 1392 665 inde-

280 699 431 770 pendenter
447 719 464 757 a
480 702 636 776 composito.
674 702 808 758 Similiter
825 721 880 758 non
894 707 986 776 potest
1001 701 1095 757 haberi
1111 699 1221 772 Europa
1236 700 1358 770 separata
1374 713 1393 750 a

282 784 436 858 Germania,
449 789 496 844 sed
507 795 599 864 potest
614 789 708 845 haberi
720 789 868 845 Germania
884 789 942 844 sine
954 788 1080 861 Europa:
1100 791 1128 842 et
1139 783 1300 858 generaliter
1314 799 1393 855 quoe·

282 885 398 945 cumque
415 875 523 931 realiter
539 876 650 949 physice
662 875 868 948 distinguuntur
884 892 992 930 necesse
1008 879 1050 929 est
1066 877 1099 927 ut
1110 877 1174 928 ectu
1186 871 1313 926 distincte
1331 868 1394 923 exi·

281 963 371 1028 stant3
391 967 419 1016 et
430 969 626 1036 consequenter
636 969 669 1018 ut
680 963 797 1037 separari
809 962 915 1035 possint
925 962 1023 1016 saltem
1035 965 1068 1015 ut
1079 977 1140 1035 pars
1153 977 1169 1014 a
1180 963 1247 1013 toto.

318 1047 356 1102 Et
372 1048 419 1104 hic
436 1050 581 1107 dicendum
593 1057 635 1106 est
652 1050 756 1123 aliquid
768 1051 802 1105 de
820 1049 994 1105 distinctione
1011 1047 1078 1103 reali
1094 1045 1205 1114 modali,
1218 1045 1289 1100 circa
1308 1059 1391 1115 qusm

282 1133 463 1192 diversimode
475 1137 625 1210 loquuntur
636 1143 765 1192 auctores.
792 1135 913 1202 Quidam
925 1135 998 1191 enim
1011 1134 1107 1189 dicunt
1118 1151 1176 1188 esse
1188 1130 1391 1186 distinctionem

282 1220 382 1275 realem
392 1223 527 1278 medalem
538 1241 564 1278 v.
578 1241 616 1295 gr.
630 1223 703 1277 inter
714 1240 803 1276 cerem
815 1227 845 1276 et
856 1221 915 1276 eius
930 1219 1133 1286 rotunditatem,
1146 1219 1219 1272 inter
1231 1217 1349 1270 animem
1361 1220 1392 1268 et

282 1307 341 1362 eiua
353 1309 530 1381 affectionem,
543 1316 571 1366 et
584 1310 733 1384 generatim
745 1310 816 1364 inter
827 1309 998 1364 adnotatione
1010 1314 1038 1364 et
1049 1307 1166 1362 ceddam
1176 1306 1206 1359 in
1219 1323 1251 1359 ea
1262 1304 1389 1359 existens.

283 1395 342 1449 Alii
366 1395 569 1452 distinctionem
586 1399 686 1453 realem
705 1397 842 1452 medalem
861 1397 989 1452 videntur
1005 1413 1105 1468 ponere
1125 1394 1198 1449 inter
1218 1411 1306 1448 ceram
1323 1391 1392 1444 sim·

282 1481 390 1555 pliciter
407 1489 436 1538 et
456 1501 544 1539 ceram
567 1485 720 1554 rotundam,
739 1484 812 1540 inter
832 1484 951 1538 animam
975 1482 1135 1554 simpliciter
1155 1486 1184 1535 et
1208 1479 1326 1534 animam
1350 1477 1390 1532 sic

283 1568 415 1636 affectam,
429 1575 480 1626 etc.
516 1570 576 1626 Alii
588 1571 698 1626 demum
716 1571 919 1625 distinctionem
936 1570 1037 1624 realem
1048 1568 1184 1623 medalem
1201 1569 1307 1638 ponunt
1318 1564 1392 1618 inter

283 1671 372 1709 ceram
388 1657 532 1712 rotundam
550 1662 579 1712 et
594 1658 719 1713 eamdem
730 1675 819 1713 ceram
830 1657 930 1712 factam
947 1656 1114 1728 quadratam,
1126 1653 1198 1708 inter
1216 1652 1334 1706 animam
1350 1651 1391 1704 sic

283 1739 407 1796 affectam
425 1748 453 1798 et
469 1743 589 1798 animam
606 1743 685 1798 ahter
705 1744 838 1814 affectam,
851 1745 923 1798 inter
940 1742 1121 1814 compositum
1139 1759 1174 1794 ex
1195 1738 1346 1794 substantia
1361 1741 1390 1792 et

282 1827 421 1883 accidente
433 1835 462 1883 et
472 1829 547 1884 aliud
560 1830 741 1903 compositum
753 1849 788 1884 ex
800 1831 895 1885 eadem
907 1828 1060 1884 substantia
1071 1832 1100 1881 et
1110 1826 1165 1881 alio
1177 1825 1322 1880 accidente.

317 1913 410 1969 Prima
422 1933 456 1969 ex
470 1916 513 1970 his
524 1917 610 1972 tribus
628 1917 771 1972 sententiis
782 1916 880 1971 tribuit
892 1933 959 1971 cerae
977 1921 1005 1970 et
1016 1913 1178 1969 rotunditati
1194 1919 1270 1967 actara
1282 1911 1390 1966 realiter

281 2000 392 2072 physice
413 2001 555 2058 distinctos
574 2003 671 2057 saltem
690 2003 861 2075 inadaequate
871 2023 878 2073 ;
901 2020 977 2058 secus
997 2020 1052 2056 non
1071 2000 1234 2056 haberentur
1252 2000 1389 2055 realitatas

282 2087 393 2159 physice
412 2088 556 2144 distinctae.
594 2088 649 2144 Sed
667 2090 828 2160 rotunditas,
841 2107 926 2162 quum
946 2088 983 2144 sit
1004 2089 1090 2143 forme
1111 2087 1237 2159 indigens
1258 2086 1388 2156 subiecto,

281 2191 336 2228 non
354 2180 396 2229 est
412 2181 488 2230 actus
503 2176 640 2248 physicus,
652 2176 700 2230 sed
717 2176 928 2248 metaphysious,
941 2180 970 2230 et
985 2175 1066 2230 debet
1081 2173 1210 2245 compleri
1230 2173 1259 2227 in
1277 2173 1390 2228 materia

282 2276 360 2329 cerae,
369 2264 401 2314 ut
409 2261 495 2333 possit
506 2261 630 2316 existere.
652 2261 786 2316 Similiter
797 2279 864 2331 cera,
874 2262 897 2316 si
909 2262 1044 2334 cogitetur
1056 2261 1113 2315 sine
1122 2261 1217 2332 figura,
1227 2259 1392 2332 cogitabitur

282 2349 314 2399 ut
323 2344 475 2401 subiectum
486 2347 711 2420 metaphysicum,
719 2365 774 2401 non
786 2352 878 2402 utens
890 2346 1048 2420 physicum;
1067 2347 1131 2418 quia
1142 2364 1211 2415 cere,
1224 2351 1256 2400 ut
1268 2347 1389 2401 existens

281 2430 400 2503 physice,
413 2433 508 2488 existit
519 2433 570 2488 sub
582 2433 674 2505 aliqua
690 2433 870 2489 determinata
881 2435 968 2506 figura
975 2453 983 2502 ;
1002 2433 1080 2488 etsie
1098 2432 1265 2506 impossibile
1277 2438 1319 2488 est
1330 2439 1388 2488 tam

280 2516 379 2572 habere
398 2536 484 2574 ceram
502 2519 559 2574 sine
577 2519 634 2573 ulls
651 2519 745 2592 figura,
759 2537 841 2592 quam
858 2518 956 2574 habere
977 2518 1035 2574 eius
1055 2519 1170 2591 figuram
1191 2519 1311 2590 aliquam
1329 2520 1387 2574 sine

280 2621 348 2660 cera
385 2605 430 2659 Ex
442 2606 494 2660 hoc
504 2606 569 2661 satis
580 2606 675 2678 lequit,
686 2624 774 2660 ceram
786 2610 815 2661 et
825 2607 941 2678 figuram
953 2606 1011 2661 aius
1022 2606 1186 2660 constituere
1198 2625 1285 2660 unum
1296 2612 1387 2662 actum

279 2691 439 2764 physicum:
458 2697 488 2746 et
499 2692 537 2747 sic
546 2710 601 2748 non
610 2693 667 2747 dari
680 2693 764 2747 ullam
773 2693 874 2747 realem
886 2691 1089 2748 distinctionem
1098 2693 1235 2748 modalem
1246 2693 1387 2766 physicam

279 2776 351 2831 inter
367 2777 548 2834 substantiam
565 2784 598 2833 ut
615 2779 655 2834 sic
673 2784 702 2834 et
718 2778 842 2834 accidens
856 2778 923 2834 eius.
960 2779 1007 2832 Ad
1024 2779 1085 2834 haec
1101 2784 1219 2847 notetur,
1233 2780 1306 2851 quod
1321 2780 1386 2836 sub-

278 2865 381 2918 stantia
396 2871 424 2918 et
441 2866 565 2920 accidens
583 2865 711 2920 differunt
727 2866 757 2919 iu
773 2865 834 2937 ipsa
849 2865 924 2920 linea
939 2864 1017 2935 entia,
1031 2881 1116 2937 quum
1131 2883 1179 2921 ens
1197 2883 1253 2920 non
1270 2867 1386 2921 univoce

278 2951 442 3022 praedicetur
453 2951 487 3006 de
499 2951 650 3006 substantie
662 2957 690 3006 et
702 2951 855 3006 accidente:
874 2955 902 3005 et
913 2951 983 3019 ideo,
992 2952 1140 3006 secundum
1152 2951 1212 3021 hoc,
1222 2952 1283 3024 plus
1295 2952 1386 3008 differt

279 3038 432 3093 substantia
449 3037 482 3093 ab
501 3039 648 3108 accidente,
661 3056 743 3110 quam
761 3038 914 3093 substantia
932 3037 965 3092 ab
986 3038 1040 3092 alia
1060 3038 1226 3109 substantia3
1245 3058 1326 3112 quare
1342 3040 1385 3094 di·

280 3123 392 3178 stinctio
408 3123 479 3179 inter
496 3134 585 3179 ceram
603 3129 632 3178 et
645 3124 849 3193 rotunditatem,
862 3124 885 3179 si
901 3129 973 3179 esset
989 3124 1101 3196 physice
1118 3124 1205 3195 realia,
1218 3131 1290 3180 esset
1302 3126 1389 3180 maior

279 3227 362 3283 quam
374 3210 462 3264 omnis
475 3210 629 3265 distinctio:
648 3211 700 3265 hoc
712 3215 804 3265 autem
815 3210 911 3283 nequit
923 3210 977 3264 dici
990 3211 1023 3264 de
1035 3211 1137 3265 modali
1148 3211 1331 3266 distinctione.

316 3295 441 3352 Secunde
464 3297 600 3352 sententia
623 3297 706 3352 habet
734 3297 808 3352 idem
831 3298 887 3353 fere
911 3297 1120 3368 inconveniens3
1149 3298 1213 3370 quia
1235 3299 1302 3354 licet
1325 3317 1387 3354 cera

279 3386 396 3440 rotunda
411 3386 448 3440 sit
460 3391 536 3441 actus
551 3385 688 3458 physicus,
702 3390 822 3440 attamen
835 3403 896 3440 cera
913 3385 1073 3457 simpliciter
1086 3385 1129 3457 (id
1145 3391 1187 3439 est
1199 3385 1298 3457 absque
1313 3387 1385 3441 acci·

279 3472 415 3542 dantibus,
432 3491 479 3528 seu
500 3473 600 3545 absque
618 3473 699 3527 modo
716 3473 836 3544 essendi)
848 3492 905 3528 non
924 3473 1019 3527 existit
1034 3473 1155 3546 physice,
1168 3473 1216 3528 sed
1233 3474 1387 3547 concipitur

278 3565 310 3614 ut
327 3560 479 3616 subiectum
490 3561 709 3634 metaphysicum
724 3565 842 3630 tantum,
854 3560 885 3620 in
895 3560 1019 3633 potentia
1032 3561 1068 3615 ad
1078 3561 1178 3615 formas
1195 3560 1383 3616 accidentales,

279 3647 317 3701 Et
327 3647 397 3708 ideo.
410 3665 495 3719 quum
506 3665 562 3701 non
579 3647 731 3702 habeantur
741 3651 817 3701 aetrrs
834 3647 946 3719 physice
958 3646 1089 3716 distincti,
1102 3645 1275 3718 impossrbilis
1292 3647 1385 3701 evadit

279 3732 419 3788 distinam
431 3732 510 3787 realis
523 3733 642 3805 physice.

313 3819 406 3873 Tertia
417 3819 551 3873 sententia
562 3820 609 3874 dat
617 3837 709 3875 veram
721 3819 811 3874 ideam
823 3817 1005 3873 distinctionis
1016 3818 1096 3873 realis
1107 3817 1229 3872 modalis.
1266 3817 1384 3872 Si'enim

278 3924 340 3962 cera
351 3905 426 3978 prius
438 3906 555 3960 rotunda
566 3911 735 3978 comparetur
746 3923 809 3960 cum
821 3922 881 3960 cere
892 3903 964 3959 facta
976 3904 1113 3975 quadrata,
1126 3907 1239 3976 uterque
1250 3904 1384 3959 terminus

277 3994 331 4050 erit
347 3992 459 4066 physice
470 3993 558 4061 realis,
571 3997 599 4046 et
615 3993 768 4047 rotunditas
785 3991 860 4064 prius
876 3991 995 4046 existens
1013 3990 1124 4062 physice
1138 3989 1241 4045 iucem
1258 3996 1291 4046 ut
1305 3997 1383 4047 actm

277 4082 345 4151 eius,
357 4079 465 4135 realiter
483 4079 589 4134 differet
601 4097 617 4133 a
629 4082 791 4151 quadratura
807 4095 869 4150 quae
882 4078 980 4133 deinde
995 4077 1094 4132 existet
1105 4077 1217 4150 physice
1235 4077 1264 4131 in
1280 4077 1340 4150 ipsa
1351 4083 1384 4133 ut

277 4169 348 4223 alius
360 4172 435 4222 actus
448 4166 576 4221 eiusdem.
613 4166 722 4222 Dicitur
730 4171 822 4221 autem
831 4165 971 4220 distinctio
982 4165 1063 4220 realis
1075 4165 1191 4234 modalis,
1201 4165 1266 4236 quia
1273 4164 1382 4238 negatio

277 4253 430 4310 identitatis
447 4254 521 4308 cadit
535 4271 616 4326 supra
632 4254 727 4308 modos
741 4253 826 4307 reales
843 4253 958 4324 essendi,
971 4271 1026 4307 non
1043 4269 1124 4324 supra
1142 4251 1322 4307 substantiam
1333 4254 1382 4322 rei,

277 4343 307 4396 in
325 4359 378 4412 qus
389 4341 431 4393 illi
448 4341 523 4394 modi
535 4340 718 4411 accipiuntur:
737 4341 849 4396 evidens
861 4339 934 4396 enim
951 4346 1001 4410 est,
1014 4339 1218 4397 distinctionem
1234 4358 1291 4396 esse
1308 4359 1380 4415 prae·
