<?xml version="1.0" encoding="UTF-8"?>
<!DOCTYPE html PUBLIC "-//W3C//DTD XHTML 1.0 Transitional//EN"
    "http://www.w3.org/TR/xhtml1/DTD/xhtml1-transitional.dtd">
<html xmlns="http://www.w3.org/1999/xhtml" xml:lang="en" lang="en">
 <head>
  <title>
</title>
<meta http-equiv="Content-Type" content="text/html;charset=utf-8" />
  <meta name='ocr-system' content='tesseract 3.04.00' />
  <meta name='ocr-capabilities' content='ocr_page ocr_carea ocr_par ocr_line ocrx_word'/>
</head>
<body>
  <div class='ocr_page' id='page_1' title='image "./realisphilosoph01baymgoog_0065.png"; bbox 0 0 3212 4986; ppageno 0'>
   <div class='ocr_carea' id='block_1_1' title="bbox 295 361 1399 447">
    <p class='ocr_par' dir='ltr' id='par_1_1' title="bbox 295 361 1399 447">
     <span class='ocr_line' id='line_1_1' title="bbox 295 361 1399 447; baseline -0.016 -5"><span class='ocrx_word' id='word_1_1' title='bbox 295 374 338 436; x_wconf 80' lang='grc'><strong>50</strong></span> <span class='ocrx_word' id='word_1_2' title='bbox 773 390 816 434; x_wconf 81' lang='lat' dir='ltr'><strong>uu</strong></span> <span class='ocrx_word' id='word_1_3' title='bbox 833 388 908 434; x_wconf 86' lang='lat' dir='ltr'><strong>uuo.</strong></span> <span class='ocrx_word' id='word_1_4' title='bbox 1240 361 1326 447; x_wconf 75' lang='lat' dir='ltr'><strong>[cae.</strong></span> <span class='ocrx_word' id='word_1_5' title='bbox 1342 379 1399 424; x_wconf 86' lang='lat'>111.</span> 
     </span>
    </p>
   </div>
   <div class='ocr_carea' id='block_1_2' title="bbox 295 546 1402 1424">
    <p class='ocr_par' dir='ltr' id='par_1_2' title="bbox 295 546 1399 978">
     <span class='ocr_line' id='line_1_2' title="bbox 295 546 1399 637; baseline -0.013 -13"><span class='ocrx_word' id='word_1_6' title='bbox 295 582 330 624; x_wconf 90' lang='lat' dir='ltr'><strong>ac</strong></span> <span class='ocrx_word' id='word_1_7' title='bbox 356 557 545 624; x_wconf 78' lang='lat' dir='ltr'><strong>mutabilitas</strong></span> <span class='ocrx_word' id='word_1_8' title='bbox 567 565 785 637; x_wconf 83' lang='lat' dir='ltr'><strong>creaturarum,</strong></span> <span class='ocrx_word' id='word_1_9' title='bbox 801 555 855 620; x_wconf 91' lang='lat' dir='ltr'><strong>sed</strong></span> <span class='ocrx_word' id='word_1_10' title='bbox 876 553 969 620; x_wconf 90' lang='lat' dir='ltr'><strong>etiam</strong></span> <span class='ocrx_word' id='word_1_11' title='bbox 991 551 1149 616; x_wconf 88' lang='lat' dir='ltr'><strong>tolleretur</strong></span> <span class='ocrx_word' id='word_1_12' title='bbox 1172 548 1294 634; x_wconf 83' lang='lat' dir='ltr'>proprie</span> <span class='ocrx_word' id='word_1_13' title='bbox 1318 546 1399 611; x_wconf 90' lang='lat' dir='ltr'><strong>dicta</strong></span> 
     </span>
     <span class='ocr_line' id='line_1_3' title="bbox 296 665 1399 752; baseline -0.012 -16"><span class='ocrx_word' id='word_1_14' title='bbox 296 671 417 751; x_wconf 83' lang='lat' dir='ltr'><strong>creatio,</strong></span> <span class='ocrx_word' id='word_1_15' title='bbox 434 679 465 735; x_wconf 92' lang='lat' dir='ltr'><strong>et</strong></span> <span class='ocrx_word' id='word_1_16' title='bbox 480 670 643 736; x_wconf 88' lang='lat' dir='ltr'><strong>dicendum</strong></span> <span class='ocrx_word' id='word_1_17' title='bbox 659 677 738 734; x_wconf 89' lang='lat' dir='ltr'><strong>esset</strong></span> <span class='ocrx_word' id='word_1_18' title='bbox 753 690 824 733; x_wconf 86' lang='lat' dir='ltr'><strong>oum</strong></span> <span class='ocrx_word' id='word_1_19' title='bbox 848 665 988 752; x_wconf 83' lang='lat' dir='ltr'><strong>Spinoaa,</strong></span> <span class='ocrx_word' id='word_1_20' title='bbox 1004 686 1052 728; x_wconf 88' lang='lat' dir='ltr'><strong>res</strong></span> <span class='ocrx_word' id='word_1_21' title='bbox 1067 685 1174 727; x_wconf 88' lang='lat' dir='ltr'><strong>omnes</strong></span> <span class='ocrx_word' id='word_1_22' title='bbox 1189 683 1255 727; x_wconf 90' lang='lat' dir='ltr'><strong>esse</strong></span> <span class='ocrx_word' id='word_1_23' title='bbox 1276 681 1399 725; x_wconf 87' lang='lat' dir='ltr'><strong>emana-</strong></span> 
     </span>
     <span class='ocr_line' id='line_1_4' title="bbox 297 773 1399 862; baseline -0.012 -15"><span class='ocrx_word' id='word_1_24' title='bbox 297 783 412 848; x_wconf 88' lang='lat' dir='ltr'>tionem</span> <span class='ocrx_word' id='word_1_25' title='bbox 438 781 672 848; x_wconf 70' lang='lat' dir='ltr'><strong>substantialem</strong></span> <span class='ocrx_word' id='word_1_26' title='bbox 698 778 877 846; x_wconf 86' lang='lat' dir='ltr'><strong>divinitatis.</strong></span> <span class='ocrx_word' id='word_1_27' title='bbox 921 777 1005 862; x_wconf 81' lang='lat' dir='ltr'><strong>Ergo</strong></span> <span class='ocrx_word' id='word_1_28' title='bbox 1029 775 1164 842; x_wconf 89' lang='lat' dir='ltr'><strong>conditio</strong></span> <span class='ocrx_word' id='word_1_29' title='bbox 1187 773 1241 839; x_wconf 90' lang='lat' dir='ltr'><strong>illa</strong></span> <span class='ocrx_word' id='word_1_30' title='bbox 1265 795 1329 838; x_wconf 88' lang='lat' dir='ltr'><strong>non</strong></span> <span class='ocrx_word' id='word_1_31' title='bbox 1352 779 1399 835; x_wconf 91' lang='lat' dir='ltr'><strong>est</strong></span> 
     </span>
     <span class='ocr_line' id='line_1_5' title="bbox 297 892 726 978; baseline 0.002 -21"><span class='ocrx_word' id='word_1_32' title='bbox 297 892 454 978; x_wconf 87' lang='lat' dir='ltr'><strong>adaequate</strong></span> <span class='ocrx_word' id='word_1_33' title='bbox 468 893 633 958; x_wconf 88' lang='lat' dir='ltr'><strong>intrinseca</strong></span> <span class='ocrx_word' id='word_1_34' title='bbox 647 892 726 958; x_wconf 84' lang='lat' dir='ltr'><strong>Dec.</strong></span> 
     </span>
    </p>

    <p class='ocr_par' dir='ltr' id='par_1_3' title="bbox 297 998 1402 1424">
     <span class='ocr_line' id='line_1_6' title="bbox 340 998 1398 1089; baseline -0.008 -21"><span class='ocrx_word' id='word_1_35' title='bbox 340 1006 393 1069; x_wconf 90' lang='lat'><strong>61.</strong></span> <span class='ocrx_word' id='word_1_36' title='bbox 416 1004 532 1070; x_wconf 80' lang='lat' dir='ltr'><strong>Eadem</strong></span> <span class='ocrx_word' id='word_1_37' title='bbox 558 1003 693 1070; x_wconf 91' lang='lat' dir='ltr'><strong>conditio</strong></span> <span class='ocrx_word' id='word_1_38' title='bbox 718 1003 825 1089; x_wconf 90' lang='lat' dir='ltr'><strong>nequit</strong></span> <span class='ocrx_word' id='word_1_39' title='bbox 848 1024 913 1068; x_wconf 89' lang='lat' dir='ltr'><strong>esse</strong></span> <span class='ocrx_word' id='word_1_40' title='bbox 938 1002 1007 1067; x_wconf 88' lang='lat' dir='ltr'><strong>Deo</strong></span> <span class='ocrx_word' id='word_1_41' title='bbox 1032 1000 1189 1086; x_wconf 86' lang='lat' dir='ltr'><strong>adaequate</strong></span> <span class='ocrx_word' id='word_1_42' title='bbox 1213 998 1398 1062; x_wconf 84' lang='lat' dir='ltr'><strong>extrinseca:</strong></span> 
     </span>
     <span class='ocr_line' id='line_1_7' title="bbox 298 1107 1402 1202; baseline -0.009 -22"><span class='ocrx_word' id='word_1_43' title='bbox 298 1138 351 1180; x_wconf 86' lang='lat' dir='ltr'><strong>seu</strong></span> <span class='ocrx_word' id='word_1_44' title='bbox 374 1115 482 1202; x_wconf 91' lang='lat' dir='ltr'><strong>nequit</strong></span> <span class='ocrx_word' id='word_1_45' title='bbox 504 1115 581 1181; x_wconf 89' lang='lat' dir='ltr'><strong>dici:</strong></span> <span class='ocrx_word' id='word_1_46' title='bbox 606 1117 759 1180; x_wconf 77' lang='lat' dir='ltr'><strong>Eciaterct</strong></span> <span class='ocrx_word' id='word_1_47' title='bbox 781 1123 864 1180; x_wconf 83' lang='lat' dir='ltr'><strong>octus</strong></span> <span class='ocrx_word' id='word_1_48' title='bbox 885 1115 1040 1192; x_wconf 68' lang='lat' dir='ltr'><strong>uectium,</strong></span> <span class='ocrx_word' id='word_1_49' title='bbox 1064 1115 1092 1175; x_wconf 84' lang='lat' dir='ltr'><strong>si</strong></span> <span class='ocrx_word' id='word_1_50' title='bbox 1113 1113 1250 1176; x_wconf 74' lang='lat' dir='ltr'><strong>eaisteret</strong></span> <span class='ocrx_word' id='word_1_51' title='bbox 1272 1111 1327 1173; x_wconf 78' lang='lat' dir='ltr'><strong>loc</strong></span> <span class='ocrx_word' id='word_1_52' title='bbox 1355 1107 1402 1171; x_wconf 84' lang='lat' dir='ltr'><strong>ael</strong></span> 
     </span>
     <span class='ocr_line' id='line_1_8' title="bbox 297 1218 1399 1304; baseline -0.008 -13"><span class='ocrx_word' id='word_1_53' title='bbox 297 1228 374 1292; x_wconf 82' lang='lat' dir='ltr'><strong>illud</strong></span> <span class='ocrx_word' id='word_1_54' title='bbox 394 1237 479 1294; x_wconf 75' lang='lat' dir='ltr'><strong>entra</strong></span> <span class='ocrx_word' id='word_1_55' title='bbox 497 1230 602 1293; x_wconf 73' lang='lat' dir='ltr'><strong>Deum</strong></span> <span class='ocrx_word' id='word_1_56' title='bbox 649 1226 796 1304; x_wconf 81' lang='lat' dir='ltr'><strong>Quamvis</strong></span> <span class='ocrx_word' id='word_1_57' title='bbox 819 1225 901 1291; x_wconf 91' lang='lat' dir='ltr'><strong>enim</strong></span> <span class='ocrx_word' id='word_1_58' title='bbox 924 1247 961 1289; x_wconf 86' lang='lat' dir='ltr'><strong>ex</strong></span> <span class='ocrx_word' id='word_1_59' title='bbox 985 1223 1146 1288; x_wconf 85' lang='lat' dir='ltr'><strong>existentia</strong></span> <span class='ocrx_word' id='word_1_60' title='bbox 1167 1221 1211 1286; x_wconf 90' lang='lat' dir='ltr'><strong>rei</strong></span> <span class='ocrx_word' id='word_1_61' title='bbox 1238 1218 1399 1285; x_wconf 91' lang='lat' dir='ltr'><strong>cuiuslibet</strong></span> 
     </span>
     <span class='ocr_line' id='line_1_9' title="bbox 298 1334 1400 1424; baseline -0.009 -20"><span class='ocrx_word' id='word_1_62' title='bbox 298 1349 382 1404; x_wconf 84' lang='lat' dir='ltr'><strong>extra</strong></span> <span class='ocrx_word' id='word_1_63' title='bbox 407 1339 510 1404; x_wconf 89' lang='lat' dir='ltr'><strong>Deum</strong></span> <span class='ocrx_word' id='word_1_64' title='bbox 536 1339 642 1404; x_wconf 81' lang='lat' dir='ltr'><strong>inferri</strong></span> <span class='ocrx_word' id='word_1_65' title='bbox 667 1339 763 1424; x_wconf 87' lang='lat' dir='ltr'><strong>possit</strong></span> <span class='ocrx_word' id='word_1_66' title='bbox 789 1360 824 1402; x_wconf 90' lang='lat' dir='ltr'><strong>ac</strong></span> <span class='ocrx_word' id='word_1_67' title='bbox 847 1336 955 1402; x_wconf 89' lang='lat' dir='ltr'><strong>debeat</strong></span> <span class='ocrx_word' id='word_1_68' title='bbox 985 1344 1072 1401; x_wconf 87' lang='lat' dir='ltr'><strong>actus</strong></span> <span class='ocrx_word' id='word_1_69' title='bbox 1102 1334 1262 1412; x_wconf 90' lang='lat' dir='ltr'><strong>oreativus‚</strong></span> <span class='ocrx_word' id='word_1_70' title='bbox 1289 1340 1400 1395; x_wconf 91' lang='lat' dir='ltr'><strong>natura</strong></span> 
     </span>
    </p>
   </div>
   <div class='ocr_carea' id='block_1_3' title="bbox 298 1435 1412 1535">
    <p class='ocr_par' dir='ltr' id='par_1_4' title="bbox 298 1435 1412 1535">
     <span class='ocr_line' id='line_1_10' title="bbox 298 1435 1412 1535; baseline -0.007 -22"><span class='ocrx_word' id='word_1_71' title='bbox 298 1459 402 1514; x_wconf 89' lang='lat' dir='ltr'><strong>tamen</strong></span> <span class='ocrx_word' id='word_1_72' title='bbox 428 1450 513 1535; x_wconf 90' lang='lat' dir='ltr'><strong>prius</strong></span> <span class='ocrx_word' id='word_1_73' title='bbox 539 1458 586 1515; x_wconf 88' lang='lat' dir='ltr'><strong>est</strong></span> <span class='ocrx_word' id='word_1_74' title='bbox 615 1459 701 1515; x_wconf 86' lang='lat' dir='ltr'><strong>actus</strong></span> <span class='ocrx_word' id='word_1_75' title='bbox 730 1449 880 1514; x_wconf 87' lang='lat' dir='ltr'><strong>creativus</strong></span> <span class='ocrx_word' id='word_1_76' title='bbox 905 1471 923 1512; x_wconf 89' lang='lat' dir='ltr'><strong>a</strong></span> <span class='ocrx_word' id='word_1_77' title='bbox 947 1448 1014 1513; x_wconf 90' lang='lat' dir='ltr'><strong>Deo</strong></span> <span class='ocrx_word' id='word_1_78' title='bbox 1040 1445 1206 1532; x_wconf 78' lang='lat' dir='ltr'><strong>procedens</strong></span> <span class='ocrx_word' id='word_1_79' title='bbox 1232 1466 1324 1530; x_wconf 91' lang='lat' dir='ltr'><strong>quam</strong></span> <span class='ocrx_word' id='word_1_80' title='bbox 1350 1435 1412 1506; x_wconf 79' lang='lat' dir='ltr'><strong>res&#39;</strong></span> 
     </span>
    </p>
   </div>
   <div class='ocr_carea' id='block_1_4' title="bbox 244 1556 1403 4437">
    <p class='ocr_par' dir='ltr' id='par_1_5' title="bbox 299 1556 1401 1752">
     <span class='ocr_line' id='line_1_11' title="bbox 299 1556 1400 1643; baseline -0.007 -17"><span class='ocrx_word' id='word_1_81' title='bbox 299 1571 418 1627; x_wconf 89' lang='lat' dir='ltr'><strong>creata:</strong></span> <span class='ocrx_word' id='word_1_82' title='bbox 442 1574 473 1626; x_wconf 91' lang='lat' dir='ltr'><strong>et</strong></span> <span class='ocrx_word' id='word_1_83' title='bbox 494 1562 536 1626; x_wconf 89' lang='lat' dir='ltr'><strong>sic</strong></span> <span class='ocrx_word' id='word_1_84' title='bbox 556 1585 605 1626; x_wconf 88' lang='lat' dir='ltr'><strong>res</strong></span> <span class='ocrx_word' id='word_1_85' title='bbox 624 1562 756 1627; x_wconf 85' lang='lat' dir='ltr'><strong>existens</strong></span> <span class='ocrx_word' id='word_1_86' title='bbox 776 1569 859 1625; x_wconf 87' lang='lat' dir='ltr'><strong>extra</strong></span> <span class='ocrx_word' id='word_1_87' title='bbox 877 1560 978 1625; x_wconf 89' lang='lat' dir='ltr'><strong>Deum</strong></span> <span class='ocrx_word' id='word_1_88' title='bbox 1000 1557 1132 1643; x_wconf 84' lang='lat' dir='ltr'><strong>complet</strong></span> <span class='ocrx_word' id='word_1_89' title='bbox 1152 1556 1276 1642; x_wconf 90' lang='lat' dir='ltr'><strong>quidem</strong></span> <span class='ocrx_word' id='word_1_90' title='bbox 1297 1563 1400 1620; x_wconf 89' lang='lat' dir='ltr'><strong>actum</strong></span> 
     </span>
     <span class='ocr_line' id='line_1_12' title="bbox 299 1669 1401 1752; baseline -0.005 -15"><span class='ocrx_word' id='word_1_91' title='bbox 299 1673 464 1738; x_wconf 86' lang='lat' dir='ltr'><strong>oreativum</strong></span> <span class='ocrx_word' id='word_1_92' title='bbox 478 1673 512 1737; x_wconf 89' lang='lat' dir='ltr'><strong>in</strong></span> <span class='ocrx_word' id='word_1_93' title='bbox 534 1695 599 1737; x_wconf 90' lang='lat' dir='ltr'><strong>esse</strong></span> <span class='ocrx_word' id='word_1_94' title='bbox 613 1672 780 1737; x_wconf 83' lang='lat' dir='ltr'><strong>formaliter</strong></span> <span class='ocrx_word' id='word_1_95' title='bbox 794 1672 926 1751; x_wconf 87' lang='lat' dir='ltr'><strong>oreativi,</strong></span> <span class='ocrx_word' id='word_1_96' title='bbox 942 1679 978 1736; x_wconf 90' lang='lat' dir='ltr'><strong>ut</strong></span> <span class='ocrx_word' id='word_1_97' title='bbox 999 1671 1079 1735; x_wconf 88' lang='lat' dir='ltr'><strong>infra</strong></span> <span class='ocrx_word' id='word_1_98' title='bbox 1093 1669 1230 1735; x_wconf 86' lang='lat' dir='ltr'><strong>dicemus</strong></span> <span class='ocrx_word' id='word_1_99' title='bbox 1244 1691 1315 1734; x_wconf 90' lang='lat' dir='ltr'><strong>cum</strong></span> <span class='ocrx_word' id='word_1_100' title='bbox 1330 1688 1401 1752; x_wconf 88' lang='lat' dir='ltr'><strong>pro·</strong></span> 
     </span>
    </p>

    <p class='ocr_par' dir='ltr' id='par_1_6' title="bbox 279 1777 1402 2315">
     <span class='ocr_line' id='line_1_13' title="bbox 279 1777 1402 1880; baseline -0.006 -32"><span class='ocrx_word' id='word_1_101' title='bbox 279 1871 284 1880; x_wconf 34' lang='lat'><strong>·</strong></span> <span class='ocrx_word' id='word_1_102' title='bbox 298 1783 492 1849; x_wconf 85' lang='lat' dir='ltr'><strong>fundioribus</strong></span> <span class='ocrx_word' id='word_1_103' title='bbox 501 1784 673 1869; x_wconf 82' lang='lat' dir='ltr'><strong>Theologis,</strong></span> <span class='ocrx_word' id='word_1_104' title='bbox 686 1807 748 1849; x_wconf 91' lang='lat' dir='ltr'><strong>non</strong></span> <span class='ocrx_word' id='word_1_105' title='bbox 763 1794 867 1848; x_wconf 90' lang='lat' dir='ltr'><strong>tamen</strong></span> <span class='ocrx_word' id='word_1_106' title='bbox 882 1792 929 1848; x_wconf 92' lang='lat' dir='ltr'><strong>est</strong></span> <span class='ocrx_word' id='word_1_107' title='bbox 943 1781 1078 1848; x_wconf 89' lang='lat' dir='ltr'><strong>conditio</strong></span> <span class='ocrx_word' id='word_1_108' title='bbox 1089 1780 1298 1867; x_wconf 80' lang='lat' dir='ltr'><strong>praerequisita</strong></span> <span class='ocrx_word' id='word_1_109' title='bbox 1308 1777 1402 1843; x_wconf 89' lang='lat' dir='ltr'><strong>huius</strong></span> 
     </span>
     <span class='ocr_line' id='line_1_14' title="bbox 300 1890 1401 1981; baseline -0.006 -21"><span class='ocrx_word' id='word_1_110' title='bbox 300 1906 396 1975; x_wconf 88' lang='lat' dir='ltr'><strong>actus,</strong></span> <span class='ocrx_word' id='word_1_111' title='bbox 412 1919 508 1980; x_wconf 90' lang='lat' dir='ltr'><strong>quum</strong></span> <span class='ocrx_word' id='word_1_112' title='bbox 529 1895 662 1981; x_wconf 86' lang='lat' dir='ltr'><strong>pendeat</strong></span> <span class='ocrx_word' id='word_1_113' title='bbox 677 1895 715 1961; x_wconf 89' lang='lat' dir='ltr'><strong>ab</strong></span> <span class='ocrx_word' id='word_1_114' title='bbox 736 1895 795 1960; x_wconf 90' lang='lat' dir='ltr'><strong>hoo</strong></span> <span class='ocrx_word' id='word_1_115' title='bbox 810 1903 881 1960; x_wconf 90' lang='lat' dir='ltr'><strong>actu</strong></span> <span class='ocrx_word' id='word_1_116' title='bbox 902 1896 936 1959; x_wconf 91' lang='lat' dir='ltr'><strong>in</strong></span> <span class='ocrx_word' id='word_1_117' title='bbox 951 1893 1125 1960; x_wconf 85' lang='lat' dir='ltr'><strong>existendo:</strong></span> <span class='ocrx_word' id='word_1_118' title='bbox 1148 1893 1208 1958; x_wconf 94' lang='lat' dir='ltr'><strong>alio</strong></span> <span class='ocrx_word' id='word_1_119' title='bbox 1222 1890 1325 1970; x_wconf 88' lang='lat' dir='ltr'><strong>modo,</strong></span> <span class='ocrx_word' id='word_1_120' title='bbox 1341 1890 1401 1954; x_wconf 84' lang='lat' dir='ltr'><strong>exi-</strong></span> 
     </span>
     <span class='ocr_line' id='line_1_15' title="bbox 300 2003 1402 2093; baseline -0.005 -21"><span class='ocrx_word' id='word_1_121' title='bbox 300 2008 413 2072; x_wconf 86' lang='lat' dir='ltr'><strong>stentia</strong></span> <span class='ocrx_word' id='word_1_122' title='bbox 427 2016 572 2072; x_wconf 86' lang='lat' dir='ltr'><strong>creaturae</strong></span> <span class='ocrx_word' id='word_1_123' title='bbox 592 2015 639 2072; x_wconf 87' lang='lat' dir='ltr'><strong>est</strong></span> <span class='ocrx_word' id='word_1_124' title='bbox 653 2006 804 2072; x_wconf 87' lang='lat' dir='ltr'><strong>terminus</strong></span> <span class='ocrx_word' id='word_1_125' title='bbox 823 2007 856 2071; x_wconf 90' lang='lat' dir='ltr'><strong>in</strong></span> <span class='ocrx_word' id='word_1_126' title='bbox 874 2029 936 2093; x_wconf 89' lang='lat' dir='ltr'><strong>quo</strong></span> <span class='ocrx_word' id='word_1_127' title='bbox 950 2004 1122 2090; x_wconf 87' lang='lat' dir='ltr'><strong>completur</strong></span> <span class='ocrx_word' id='word_1_128' title='bbox 1141 2013 1227 2070; x_wconf 89' lang='lat' dir='ltr'><strong>actus</strong></span> <span class='ocrx_word' id='word_1_129' title='bbox 1242 2003 1402 2082; x_wconf 88' lang='lat' dir='ltr'><strong>creativus,</strong></span> 
     </span>
     <span class='ocr_line' id='line_1_16' title="bbox 302 2115 1402 2204; baseline -0.004 -22"><span class='ocrx_word' id='word_1_130' title='bbox 302 2141 364 2183; x_wconf 91' lang='lat' dir='ltr'><strong>nou</strong></span> <span class='ocrx_word' id='word_1_131' title='bbox 386 2117 573 2204; x_wconf 90' lang='lat' dir='ltr'><strong>principium</strong></span> <span class='ocrx_word' id='word_1_132' title='bbox 597 2141 697 2204; x_wconf 91' lang='lat' dir='ltr'><strong>aquo</strong></span> <span class='ocrx_word' id='word_1_133' title='bbox 717 2117 872 2204; x_wconf 87' lang='lat' dir='ltr'><strong>procedat.</strong></span> <span class='ocrx_word' id='word_1_134' title='bbox 916 2117 958 2182; x_wconf 82' lang='lat' dir='ltr'><strong>Et</strong></span> <span class='ocrx_word' id='word_1_135' title='bbox 980 2117 1050 2182; x_wconf 93' lang='lat' dir='ltr'><strong>ideo</strong></span> <span class='ocrx_word' id='word_1_136' title='bbox 1071 2115 1206 2182; x_wconf 88' lang='lat' dir='ltr'><strong>conditio</strong></span> <span class='ocrx_word' id='word_1_137' title='bbox 1223 2115 1276 2180; x_wconf 88' lang='lat' dir='ltr'><strong>illa</strong></span> <span class='ocrx_word' id='word_1_138' title='bbox 1294 2115 1402 2201; x_wconf 90' lang='lat' dir='ltr'><strong>nequit</strong></span> 
     </span>
     <span class='ocr_line' id='line_1_17' title="bbox 301 2229 762 2315; baseline 0.002 -21"><span class='ocrx_word' id='word_1_139' title='bbox 301 2252 366 2295; x_wconf 90' lang='lat' dir='ltr'><strong>esse</strong></span> <span class='ocrx_word' id='word_1_140' title='bbox 381 2229 537 2315; x_wconf 87' lang='lat' dir='ltr'><strong>adaequate</strong></span> <span class='ocrx_word' id='word_1_141' title='bbox 551 2239 635 2295; x_wconf 83' lang='lat' dir='ltr'><strong>extra</strong></span> <span class='ocrx_word' id='word_1_142' title='bbox 648 2230 762 2296; x_wconf 88' lang='lat' dir='ltr'><strong>Deum.</strong></span> 
     </span>
    </p>

    <p class='ocr_par' dir='ltr' id='par_1_7' title="bbox 301 2337 1403 3211">
     <span class='ocr_line' id='line_1_18' title="bbox 345 2337 1402 2428; baseline 0 -22"><span class='ocrx_word' id='word_1_143' title='bbox 345 2343 398 2407; x_wconf 82' lang='lat'><strong>62.</strong></span> <span class='ocrx_word' id='word_1_144' title='bbox 423 2343 578 2428; x_wconf 86' lang='lat' dir='ltr'><strong>Sequitur,</strong></span> <span class='ocrx_word' id='word_1_145' title='bbox 589 2343 795 2409; x_wconf 89' lang='lat' dir='ltr'><strong>conditionem</strong></span> <span class='ocrx_word' id='word_1_146' title='bbox 808 2342 865 2408; x_wconf 91' lang='lat' dir='ltr'><strong>sub</strong></span> <span class='ocrx_word' id='word_1_147' title='bbox 880 2365 950 2428; x_wconf 88' lang='lat' dir='ltr'><strong>qua,</strong></span> <span class='ocrx_word' id='word_1_148' title='bbox 960 2341 1069 2427; x_wconf 87' lang='lat' dir='ltr'><strong>positis</strong></span> <span class='ocrx_word' id='word_1_149' title='bbox 1084 2337 1266 2427; x_wconf 89' lang='lat' dir='ltr'><strong>supradictis</strong></span> <span class='ocrx_word' id='word_1_150' title='bbox 1280 2342 1323 2426; x_wconf 85' lang='lat' dir='ltr'><strong>(n.</strong></span> <span class='ocrx_word' id='word_1_151' title='bbox 1335 2342 1402 2424; x_wconf 85' lang='lat'><strong>59),</strong></span> 
     </span>
     <span class='ocr_line' id='line_1_19' title="bbox 301 2453 1403 2540; baseline -0.002 -22"><span class='ocrx_word' id='word_1_152' title='bbox 301 2463 386 2519; x_wconf 88' lang='lat' dir='ltr'><strong>actus</strong></span> <span class='ocrx_word' id='word_1_153' title='bbox 396 2455 544 2521; x_wconf 89' lang='lat' dir='ltr'><strong>creativus</strong></span> <span class='ocrx_word' id='word_1_154' title='bbox 559 2455 660 2520; x_wconf 86' lang='lat' dir='ltr'><strong>existit</strong></span> <span class='ocrx_word' id='word_1_155' title='bbox 669 2478 735 2520; x_wconf 86' lang='lat' dir='ltr'><strong>esse</strong></span> <span class='ocrx_word' id='word_1_156' title='bbox 746 2455 861 2540; x_wconf 93' lang='lat' dir='ltr'><strong>aliquid</strong></span> <span class='ocrx_word' id='word_1_157' title='bbox 870 2454 981 2540; x_wconf 89' lang='lat' dir='ltr'><strong>partim</strong></span> <span class='ocrx_word' id='word_1_158' title='bbox 992 2455 1060 2520; x_wconf 87' lang='lat' dir='ltr'><strong>Deo</strong></span> <span class='ocrx_word' id='word_1_159' title='bbox 1068 2453 1281 2532; x_wconf 89' lang='lat' dir='ltr'><strong>intrinsecum,</strong></span> <span class='ocrx_word' id='word_1_160' title='bbox 1291 2453 1403 2537; x_wconf 90' lang='lat' dir='ltr'><strong>partim</strong></span> 
     </span>
     <span class='ocr_line' id='line_1_20' title="bbox 301 2566 1403 2651; baseline -0.003 -21"><span class='ocrx_word' id='word_1_161' title='bbox 301 2566 514 2631; x_wconf 84' lang='lat' dir='ltr'><strong>extrinsecum.</strong></span> <span class='ocrx_word' id='word_1_162' title='bbox 546 2566 655 2631; x_wconf 73' lang='lat' dir='ltr'><strong>¹Prout</strong></span> <span class='ocrx_word' id='word_1_163' title='bbox 670 2576 716 2631; x_wconf 91' lang='lat' dir='ltr'><strong>est</strong></span> <span class='ocrx_word' id='word_1_164' title='bbox 731 2566 848 2651; x_wconf 88' lang='lat' dir='ltr'><strong>aliquid</strong></span> <span class='ocrx_word' id='word_1_165' title='bbox 862 2566 929 2631; x_wconf 93' lang='lat' dir='ltr'><strong>Deo</strong></span> <span class='ocrx_word' id='word_1_166' title='bbox 946 2566 1148 2630; x_wconf 90' lang='lat' dir='ltr'><strong>intrinsecum</strong></span> <span class='ocrx_word' id='word_1_167' title='bbox 1162 2566 1300 2630; x_wconf 84' lang='lat' dir='ltr'><strong>continet</strong></span> <span class='ocrx_word' id='word_1_168' title='bbox 1317 2566 1403 2648; x_wconf 84' lang='lat' dir='ltr'><strong>prin·</strong></span> 
     </span>
     <span class='ocr_line' id='line_1_21' title="bbox 301 2677 1403 2762; baseline -0.002 -20"><span class='ocrx_word' id='word_1_169' title='bbox 301 2680 408 2762; x_wconf 71' lang='lat' dir='ltr'><strong>cpiam</strong></span> <span class='ocrx_word' id='word_1_170' title='bbox 415 2681 586 2762; x_wconf 67' lang='lat' dir='ltr'><strong>monimum</strong></span> <span class='ocrx_word' id='word_1_171' title='bbox 601 2689 686 2743; x_wconf 87' lang='lat' dir='ltr'><strong>actus</strong></span> <span class='ocrx_word' id='word_1_172' title='bbox 701 2679 835 2758; x_wconf 89' lang='lat' dir='ltr'><strong>creativi‚</strong></span> <span class='ocrx_word' id='word_1_173' title='bbox 851 2701 905 2743; x_wconf 90' lang='lat' dir='ltr'><strong>seu</strong></span> <span class='ocrx_word' id='word_1_174' title='bbox 919 2678 1096 2743; x_wconf 87' lang='lat' dir='ltr'><strong>volitionem</strong></span> <span class='ocrx_word' id='word_1_175' title='bbox 1111 2677 1185 2743; x_wconf 91' lang='lat' dir='ltr'><strong>boni</strong></span> <span class='ocrx_word' id='word_1_176' title='bbox 1200 2677 1360 2742; x_wconf 80' lang='lat' dir='ltr'><strong>extrinseci</strong></span> <span class='ocrx_word' id='word_1_177' title='bbox 1372 2685 1403 2740; x_wconf 90' lang='lat' dir='ltr'><strong>et</strong></span> 
     </span>
     <span class='ocr_line' id='line_1_22' title="bbox 301 2788 1402 2854; baseline -0.001 -2"><span class='ocrx_word' id='word_1_178' title='bbox 301 2789 418 2854; x_wconf 87' lang='lat' dir='ltr'><strong>relativi</strong></span> <span class='ocrx_word' id='word_1_179' title='bbox 432 2789 518 2854; x_wconf 93' lang='lat' dir='ltr'><strong>nullo</strong></span> <span class='ocrx_word' id='word_1_180' title='bbox 536 2812 617 2854; x_wconf 85' lang='lat' dir='ltr'><strong>nexu</strong></span> <span class='ocrx_word' id='word_1_181' title='bbox 635 2790 804 2854; x_wconf 86' lang='lat' dir='ltr'><strong>necessario</strong></span> <span class='ocrx_word' id='word_1_182' title='bbox 824 2798 855 2854; x_wconf 93' lang='lat' dir='ltr'><strong>et</strong></span> <span class='ocrx_word' id='word_1_183' title='bbox 875 2790 1073 2854; x_wconf 86' lang='lat' dir='ltr'><strong>antecedente</strong></span> <span class='ocrx_word' id='word_1_184' title='bbox 1092 2789 1220 2854; x_wconf 87' lang='lat' dir='ltr'><strong>connexi</strong></span> <span class='ocrx_word' id='word_1_185' title='bbox 1240 2811 1312 2854; x_wconf 90' lang='lat' dir='ltr'><strong>cum</strong></span> <span class='ocrx_word' id='word_1_186' title='bbox 1327 2788 1402 2852; x_wconf 88' lang='lat' dir='ltr'><strong>voli·</strong></span> 
     </span>
     <span class='ocr_line' id='line_1_23' title="bbox 301 2899 1402 2986; baseline -0.002 -22"><span class='ocrx_word' id='word_1_187' title='bbox 301 2901 385 2965; x_wconf 91' lang='lat' dir='ltr'><strong>tione</strong></span> <span class='ocrx_word' id='word_1_188' title='bbox 398 2900 474 2965; x_wconf 92' lang='lat' dir='ltr'><strong>boni</strong></span> <span class='ocrx_word' id='word_1_189' title='bbox 488 2900 546 2965; x_wconf 90' lang='lat' dir='ltr'><strong>sibi</strong></span> <span class='ocrx_word' id='word_1_190' title='bbox 556 2901 713 2965; x_wconf 87' lang='lat' dir='ltr'><strong>intrinseci</strong></span> <span class='ocrx_word' id='word_1_191' title='bbox 728 2911 758 2966; x_wconf 90' lang='lat' dir='ltr'><strong>et</strong></span> <span class='ocrx_word' id='word_1_192' title='bbox 770 2901 911 2966; x_wconf 90' lang='lat' dir='ltr'><strong>absoluti.</strong></span> <span class='ocrx_word' id='word_1_193' title='bbox 945 2900 1014 2966; x_wconf 90' lang='lat' dir='ltr'><strong>Hoc</strong></span> <span class='ocrx_word' id='word_1_194' title='bbox 1029 2899 1213 2986; x_wconf 88' lang='lat' dir='ltr'><strong>principium</strong></span> <span class='ocrx_word' id='word_1_195' title='bbox 1230 2899 1402 2984; x_wconf 82' lang='lat' dir='ltr'><strong>proximum</strong></span> 
     </span>
     <span class='ocr_line' id='line_1_24' title="bbox 301 3011 1402 3099; baseline 0 -23"><span class='ocrx_word' id='word_1_196' title='bbox 301 3012 411 3076; x_wconf 85' lang='lat' dir='ltr'><strong>fundat</strong></span> <span class='ocrx_word' id='word_1_197' title='bbox 425 3011 458 3075; x_wconf 84' lang='lat' dir='ltr'><strong>iu</strong></span> <span class='ocrx_word' id='word_1_198' title='bbox 473 3012 562 3076; x_wconf 91' lang='lat' dir='ltr'><strong>nobis</strong></span> <span class='ocrx_word' id='word_1_199' title='bbox 577 3022 759 3099; x_wconf 88' lang='lat' dir='ltr'><strong>conceptum</strong></span> <span class='ocrx_word' id='word_1_200' title='bbox 774 3013 835 3078; x_wconf 89' lang='lat' dir='ltr'><strong>Dei</strong></span> <span class='ocrx_word' id='word_1_201' title='bbox 848 3022 883 3078; x_wconf 80' lang='lat' dir='ltr'><strong>at</strong></span> <span class='ocrx_word' id='word_1_202' title='bbox 896 3015 928 3077; x_wconf 82' lang='lat' dir='ltr'><strong>iu</strong></span> <span class='ocrx_word' id='word_1_203' title='bbox 941 3022 1011 3078; x_wconf 80' lang='lat' dir='ltr'><strong>netu</strong></span> <span class='ocrx_word' id='word_1_204' title='bbox 1019 3015 1118 3098; x_wconf 76' lang='lat' dir='ltr'><strong>primo</strong></span> <span class='ocrx_word' id='word_1_205' title='bbox 1133 3013 1260 3077; x_wconf 71' lang='lat' dir='ltr'><strong>meandi.</strong></span> <span class='ocrx_word' id='word_1_206' title='bbox 1306 3011 1402 3076; x_wconf 87' lang='lat' dir='ltr'><strong>Prout</strong></span> 
     </span>
     <span class='ocr_line' id='line_1_25' title="bbox 302 3122 1402 3211; baseline 0.001 -24"><span class='ocrx_word' id='word_1_207' title='bbox 302 3133 348 3187; x_wconf 90' lang='lat' dir='ltr'><strong>est</strong></span> <span class='ocrx_word' id='word_1_208' title='bbox 363 3122 479 3208; x_wconf 90' lang='lat' dir='ltr'><strong>aliquid</strong></span> <span class='ocrx_word' id='word_1_209' title='bbox 493 3123 562 3189; x_wconf 82' lang='lat' dir='ltr'><strong>lleo</strong></span> <span class='ocrx_word' id='word_1_210' title='bbox 576 3124 779 3191; x_wconf 89' lang='lat' dir='ltr'><strong>extrinsecum</strong></span> <span class='ocrx_word' id='word_1_211' title='bbox 793 3125 931 3190; x_wconf 87' lang='lat' dir='ltr'><strong>eontinet</strong></span> <span class='ocrx_word' id='word_1_212' title='bbox 947 3127 1099 3190; x_wconf 74' lang='lat' dir='ltr'><strong>teacinam</strong></span> <span class='ocrx_word' id='word_1_213' title='bbox 1113 3125 1216 3211; x_wconf 90' lang='lat' dir='ltr'><strong>ipsum</strong></span> <span class='ocrx_word' id='word_1_214' title='bbox 1230 3123 1402 3205; x_wconf 87' lang='lat' dir='ltr'><strong>relativum,</strong></span> 
     </span>
    </p>

    <p class='ocr_par' dir='ltr' id='par_1_8' title="bbox 244 3234 1403 3860">
     <span class='ocr_line' id='line_1_26' title="bbox 244 3234 1402 3320; baseline 0.002 -22"><span class='ocrx_word' id='word_1_215' title='bbox 244 3280 246 3285; x_wconf 89' lang='lat'><em>-</em></span> <span class='ocrx_word' id='word_1_216' title='bbox 301 3234 340 3299; x_wconf 90' lang='lat' dir='ltr'><strong>ad</strong></span> <span class='ocrx_word' id='word_1_217' title='bbox 363 3257 456 3320; x_wconf 85' lang='lat' dir='ltr'><strong>quern</strong></span> <span class='ocrx_word' id='word_1_218' title='bbox 482 3236 664 3301; x_wconf 88' lang='lat' dir='ltr'><strong>terminatur</strong></span> <span class='ocrx_word' id='word_1_219' title='bbox 689 3237 742 3301; x_wconf 88' lang='lat' dir='ltr'><strong>illa</strong></span> <span class='ocrx_word' id='word_1_220' title='bbox 767 3237 881 3316; x_wconf 84' lang='lat' dir='ltr'><strong>volitio,</strong></span> <span class='ocrx_word' id='word_1_221' title='bbox 908 3245 944 3300; x_wconf 91' lang='lat' dir='ltr'><strong>ut</strong></span> <span class='ocrx_word' id='word_1_222' title='bbox 967 3237 1087 3301; x_wconf 91' lang='lat' dir='ltr'><strong>realiter</strong></span> <span class='ocrx_word' id='word_1_223' title='bbox 1108 3245 1192 3301; x_wconf 84' lang='lat' dir='ltr'><strong>extra</strong></span> <span class='ocrx_word' id='word_1_224' title='bbox 1213 3237 1316 3300; x_wconf 90' lang='lat' dir='ltr'><strong>Deum</strong></span> <span class='ocrx_word' id='word_1_225' title='bbox 1341 3236 1402 3300; x_wconf 79' lang='lat' dir='ltr'><strong>exi·</strong></span> 
     </span>
     <span class='ocr_line' id='line_1_27' title="bbox 302 3347 1403 3432; baseline 0.004 -23"><span class='ocrx_word' id='word_1_226' title='bbox 302 3355 452 3411; x_wconf 75' lang='lat' dir='ltr'><strong>stenteme</strong></span> <span class='ocrx_word' id='word_1_227' title='bbox 474 3347 568 3412; x_wconf 89' lang='lat' dir='ltr'><strong>itaut</strong></span> <span class='ocrx_word' id='word_1_228' title='bbox 586 3357 672 3412; x_wconf 89' lang='lat' dir='ltr'><strong>actus</strong></span> <span class='ocrx_word' id='word_1_229' title='bbox 687 3347 739 3411; x_wconf 90' lang='lat' dir='ltr'><strong>ille</strong></span> <span class='ocrx_word' id='word_1_230' title='bbox 760 3347 879 3432; x_wconf 88' lang='lat' dir='ltr'><strong>primus</strong></span> <span class='ocrx_word' id='word_1_231' title='bbox 893 3347 1017 3412; x_wconf 88' lang='lat' dir='ltr'><strong>creandi</strong></span> <span class='ocrx_word' id='word_1_232' title='bbox 1031 3370 1086 3432; x_wconf 91' lang='lat' dir='ltr'><strong>per</strong></span> <span class='ocrx_word' id='word_1_233' title='bbox 1106 3349 1217 3413; x_wconf 89' lang='lat' dir='ltr'><strong>realem</strong></span> <span class='ocrx_word' id='word_1_234' title='bbox 1232 3349 1326 3414; x_wconf 86' lang='lat' dir='ltr'><strong>huius</strong></span> <span class='ocrx_word' id='word_1_235' title='bbox 1341 3357 1403 3414; x_wconf 90' lang='lat' dir='ltr'><strong>ter·</strong></span> 
     </span>
     <span class='ocr_line' id='line_1_28' title="bbox 302 3457 1402 3543; baseline 0.004 -22"><span class='ocrx_word' id='word_1_236' title='bbox 302 3457 378 3522; x_wconf 92' lang='lat' dir='ltr'><strong>mini</strong></span> <span class='ocrx_word' id='word_1_237' title='bbox 402 3458 594 3523; x_wconf 85' lang='lat' dir='ltr'><strong>existentiam</strong></span> <span class='ocrx_word' id='word_1_238' title='bbox 615 3457 804 3543; x_wconf 89' lang='lat' dir='ltr'><strong>concipiatur</strong></span> <span class='ocrx_word' id='word_1_239' title='bbox 823 3457 994 3543; x_wconf 90' lang='lat' dir='ltr'><strong>completus</strong></span> <span class='ocrx_word' id='word_1_240' title='bbox 1016 3458 1049 3522; x_wconf 92' lang='lat' dir='ltr'><strong>in</strong></span> <span class='ocrx_word' id='word_1_241' title='bbox 1072 3481 1137 3522; x_wconf 83' lang='lat' dir='ltr'><strong>esse</strong></span> <span class='ocrx_word' id='word_1_242' title='bbox 1157 3469 1243 3524; x_wconf 88' lang='lat' dir='ltr'><strong>actus</strong></span> <span class='ocrx_word' id='word_1_243' title='bbox 1266 3460 1402 3525; x_wconf 82' lang='lat' dir='ltr'><strong>secundi.</strong></span> 
     </span>
     <span class='ocr_line' id='line_1_29' title="bbox 300 3569 1402 3655; baseline 0.001 -21"><span class='ocrx_word' id='word_1_244' title='bbox 300 3569 405 3647; x_wconf 82' lang='lat' dir='ltr'><strong>Quare</strong></span> <span class='ocrx_word' id='word_1_245' title='bbox 420 3570 581 3635; x_wconf 83' lang='lat' dir='ltr'><strong>existentia</strong></span> <span class='ocrx_word' id='word_1_246' title='bbox 600 3579 686 3635; x_wconf 90' lang='lat' dir='ltr'><strong>aetus</strong></span> <span class='ocrx_word' id='word_1_247' title='bbox 706 3569 829 3634; x_wconf 86' lang='lat' dir='ltr'><strong>creativi</strong></span> <span class='ocrx_word' id='word_1_248' title='bbox 847 3578 883 3634; x_wconf 90' lang='lat' dir='ltr'><strong>ut</strong></span> <span class='ocrx_word' id='word_1_249' title='bbox 903 3569 1025 3634; x_wconf 86' lang='lat' dir='ltr'><strong>ereativi</strong></span> <span class='ocrx_word' id='word_1_250' title='bbox 1044 3570 1201 3635; x_wconf 90' lang='lat' dir='ltr'><strong>enunciari</strong></span> <span class='ocrx_word' id='word_1_251' title='bbox 1222 3580 1323 3655; x_wconf 87' lang='lat' dir='ltr'><strong>potest</strong></span> <span class='ocrx_word' id='word_1_252' title='bbox 1344 3571 1402 3635; x_wconf 88' lang='lat' dir='ltr'><strong>sub</strong></span> 
     </span>
     <span class='ocr_line' id='line_1_30' title="bbox 300 3682 1401 3760; baseline 0.001 -14"><span class='ocrx_word' id='word_1_253' title='bbox 300 3682 358 3746; x_wconf 86' lang='lat' dir='ltr'><strong>hae</strong></span> <span class='ocrx_word' id='word_1_254' title='bbox 376 3682 568 3746; x_wconf 88' lang='lat' dir='ltr'><strong>conditione:</strong></span> <span class='ocrx_word' id='word_1_255' title='bbox 599 3683 722 3745; x_wconf 79' lang='lat' dir='ltr'><strong>Ecistet</strong></span> <span class='ocrx_word' id='word_1_256' title='bbox 744 3690 827 3746; x_wconf 82' lang='lat' dir='ltr'><strong>octus</strong></span> <span class='ocrx_word' id='word_1_257' title='bbox 849 3682 1045 3760; x_wconf 60' lang='lat' dir='ltr'><strong>ereotimmsa&#39;</strong></span> <span class='ocrx_word' id='word_1_258' title='bbox 1067 3682 1150 3746; x_wconf 80' lang='lat' dir='ltr'><strong>Deua</strong></span> <span class='ocrx_word' id='word_1_259' title='bbox 1173 3685 1307 3749; x_wconf 70' lang='lat' dir='ltr'><strong>imminet</strong></span> <span class='ocrx_word' id='word_1_260' title='bbox 1328 3684 1401 3748; x_wconf 87' lang='lat' dir='ltr'><strong>ooli·</strong></span> 
     </span>
     <span class='ocr_line' id='line_1_31' title="bbox 300 3793 985 3860; baseline -0.004 -1"><span class='ocrx_word' id='word_1_261' title='bbox 300 3796 408 3860; x_wconf 78' lang='lat' dir='ltr'><strong>tionem</strong></span> <span class='ocrx_word' id='word_1_262' title='bbox 422 3817 505 3858; x_wconf 76' lang='lat' dir='ltr'><strong>utum</strong></span> <span class='ocrx_word' id='word_1_263' title='bbox 519 3795 561 3857; x_wconf 86' lang='lat' dir='ltr'><strong>od</strong></span> <span class='ocrx_word' id='word_1_264' title='bbox 573 3795 677 3858; x_wconf 80' lang='lat' dir='ltr'><strong>bonam</strong></span> <span class='ocrx_word' id='word_1_265' title='bbox 690 3793 769 3858; x_wconf 73' lang='lat' dir='ltr'><strong>ceole</strong></span> <span class='ocrx_word' id='word_1_266' title='bbox 783 3795 985 3857; x_wconf 79' lang='lat' dir='ltr'><strong>catriasecum.</strong></span> 
     </span>
    </p>

    <p class='ocr_par' dir='ltr' id='par_1_9' title="bbox 297 3903 1403 4437">
     <span class='ocr_line' id='line_1_32' title="bbox 341 3903 1403 3972; baseline 0.002 -2"><span class='ocrx_word' id='word_1_267' title='bbox 341 3909 398 3970; x_wconf 88' lang='grc'><strong>63.</strong></span> <span class='ocrx_word' id='word_1_268' title='bbox 421 3905 537 3971; x_wconf 89' lang='lat' dir='ltr'><strong>Volitio</strong></span> <span class='ocrx_word' id='word_1_269' title='bbox 557 3913 660 3970; x_wconf 90' lang='lat' dir='ltr'><strong>autem</strong></span> <span class='ocrx_word' id='word_1_270' title='bbox 681 3904 755 3970; x_wconf 92' lang='lat' dir='ltr'><strong>boni</strong></span> <span class='ocrx_word' id='word_1_271' title='bbox 769 3904 857 3971; x_wconf 87' lang='lat' dir='ltr'><strong>realis</strong></span> <span class='ocrx_word' id='word_1_272' title='bbox 874 3903 1036 3969; x_wconf 86' lang='lat' dir='ltr'><strong>extrinseci</strong></span> <span class='ocrx_word' id='word_1_273' title='bbox 1056 3926 1119 3968; x_wconf 89' lang='lat' dir='ltr'><strong>non</strong></span> <span class='ocrx_word' id='word_1_274' title='bbox 1134 3915 1181 3970; x_wconf 91' lang='lat' dir='ltr'><strong>est</strong></span> <span class='ocrx_word' id='word_1_275' title='bbox 1193 3906 1357 3972; x_wconf 74' lang='lat' dir='ltr'><strong>,entitative</strong></span> <span class='ocrx_word' id='word_1_276' title='bbox 1372 3916 1403 3972; x_wconf 90' lang='lat' dir='ltr'><strong>et</strong></span> 
     </span>
     <span class='ocr_line' id='line_1_33' title="bbox 300 4016 1402 4100; baseline 0 -16"><span class='ocrx_word' id='word_1_277' title='bbox 300 4019 334 4084; x_wconf 90' lang='lat' dir='ltr'><strong>in</strong></span> <span class='ocrx_word' id='word_1_278' title='bbox 347 4017 456 4086; x_wconf 90' lang='lat' dir='ltr'><strong>ordine</strong></span> <span class='ocrx_word' id='word_1_279' title='bbox 467 4017 606 4083; x_wconf 89' lang='lat' dir='ltr'><strong>absoluto</strong></span> <span class='ocrx_word' id='word_1_280' title='bbox 622 4016 766 4081; x_wconf 86' lang='lat' dir='ltr'><strong>distincta</strong></span> <span class='ocrx_word' id='word_1_281' title='bbox 782 4016 952 4081; x_wconf 89' lang='lat' dir='ltr'><strong>avolitione</strong></span> <span class='ocrx_word' id='word_1_282' title='bbox 966 4017 1135 4082; x_wconf 88' lang='lat' dir='ltr'><strong>necessaria</strong></span> <span class='ocrx_word' id='word_1_283' title='bbox 1147 4017 1223 4084; x_wconf 89' lang='lat' dir='ltr'><strong>boni</strong></span> <span class='ocrx_word' id='word_1_284' title='bbox 1234 4019 1402 4100; x_wconf 88' lang='lat' dir='ltr'><strong>intrinseci,</strong></span> 
     </span>
     <span class='ocr_line' id='line_1_34' title="bbox 300 4125 1402 4212; baseline 0.003 -19"><span class='ocrx_word' id='word_1_285' title='bbox 300 4128 354 4193; x_wconf 88' lang='lat' dir='ltr'><strong>sed</strong></span> <span class='ocrx_word' id='word_1_286' title='bbox 371 4127 575 4212; x_wconf 83' lang='lat' dir='ltr'><strong>distinguitur</strong></span> <span class='ocrx_word' id='word_1_287' title='bbox 594 4135 716 4191; x_wconf 90' lang='lat' dir='ltr'><strong>tantum</strong></span> <span class='ocrx_word' id='word_1_288' title='bbox 736 4125 928 4192; x_wconf 88' lang='lat' dir='ltr'><strong>terminative</strong></span> <span class='ocrx_word' id='word_1_289' title='bbox 949 4136 980 4191; x_wconf 90' lang='lat' dir='ltr'><strong>et</strong></span> <span class='ocrx_word' id='word_1_290' title='bbox 1000 4127 1155 4192; x_wconf 88' lang='lat' dir='ltr'><strong>relationis</strong></span> <span class='ocrx_word' id='word_1_291' title='bbox 1176 4131 1402 4198; x_wconf 88' lang='lat' dir='ltr'><strong>connotatione.</strong></span> 
     </span>
     <span class='ocr_line' id='line_1_35' title="bbox 302 4237 1403 4326; baseline 0.002 -22"><span class='ocrx_word' id='word_1_292' title='bbox 302 4241 371 4305; x_wconf 89' lang='lat' dir='ltr'><strong>Hoc</strong></span> <span class='ocrx_word' id='word_1_293' title='bbox 390 4239 473 4303; x_wconf 87' lang='lat' dir='ltr'><strong>enim</strong></span> <span class='ocrx_word' id='word_1_294' title='bbox 494 4237 603 4303; x_wconf 90' lang='lat' dir='ltr'><strong>accidit</strong></span> <span class='ocrx_word' id='word_1_295' title='bbox 625 4239 658 4302; x_wconf 90' lang='lat' dir='ltr'><strong>in</strong></span> <span class='ocrx_word' id='word_1_296' title='bbox 678 4237 764 4303; x_wconf 91' lang='lat' dir='ltr'><strong>omni</strong></span> <span class='ocrx_word' id='word_1_297' title='bbox 783 4238 867 4324; x_wconf 90' lang='lat' dir='ltr'><strong>quod</strong></span> <span class='ocrx_word' id='word_1_298' title='bbox 887 4238 1060 4326; x_wconf 85' lang='lat' dir='ltr'><strong>concipitur</strong></span> <span class='ocrx_word' id='word_1_299' title='bbox 1082 4240 1182 4305; x_wconf 90' lang='lat' dir='ltr'><strong>dicere</strong></span> <span class='ocrx_word' id='word_1_300' title='bbox 1202 4240 1342 4306; x_wconf 89' lang='lat' dir='ltr'><strong>ordinem</strong></span> <span class='ocrx_word' id='word_1_301' title='bbox 1364 4243 1403 4307; x_wconf 86' lang='lat' dir='ltr'><strong>ad</strong></span> 
     </span>
     <span class='ocr_line' id='line_1_36' title="bbox 297 4349 1403 4437; baseline 0.004 -22"><span class='ocrx_word' id='word_1_302' title='bbox 297 4351 394 4429; x_wconf 82' lang='lat' dir='ltr'><strong>aliud,</strong></span> <span class='ocrx_word' id='word_1_303' title='bbox 420 4358 456 4413; x_wconf 92' lang='lat' dir='ltr'><strong>ut</strong></span> <span class='ocrx_word' id='word_1_304' title='bbox 483 4350 653 4414; x_wconf 88' lang='lat' dir='ltr'><strong>subiectum</strong></span> <span class='ocrx_word' id='word_1_305' title='bbox 679 4349 835 4414; x_wconf 89' lang='lat' dir='ltr'><strong>relationis</strong></span> <span class='ocrx_word' id='word_1_306' title='bbox 864 4351 897 4414; x_wconf 91' lang='lat' dir='ltr'><strong>in</strong></span> <span class='ocrx_word' id='word_1_307' title='bbox 924 4373 956 4414; x_wconf 87' lang='lat' dir='ltr'><strong>ae</strong></span> <span class='ocrx_word' id='word_1_308' title='bbox 985 4374 1084 4416; x_wconf 91' lang='lat' dir='ltr'><strong>unum</strong></span> <span class='ocrx_word' id='word_1_309' title='bbox 1114 4350 1275 4437; x_wconf 90' lang='lat' dir='ltr'><strong>dupliciter</strong></span> <span class='ocrx_word' id='word_1_310' title='bbox 1304 4354 1403 4431; x_wconf 86' lang='lat' dir='ltr'><strong>eonsi-</strong></span> 
     </span>
    </p>
   </div>
   <div class='ocr_carea' id='block_1_5' title="bbox 0 0 1617 4986">
    <p class='ocr_par' dir='ltr' id='par_1_10' title="bbox 0 0 1617 4986">
     <span class='ocr_line' id='line_1_37' title="bbox 0 0 1617 4986; baseline 0 0"><span class='ocrx_word' id='word_1_311' title='bbox 0 0 1617 4986; x_wconf 95' lang='lat' dir='ltr'><strong> </strong></span> 
     </span>
    </p>
   </div>
  </div>
 </body>
</html>
