3240 4986
250 381 319 426 csr.
335 361 405 446 nu]
706 383 749 427 ns
765 381 895 428 nunno.
1289 360 1352 424 13⁷

250 551 322 634 illis,
339 551 420 618 sicut
434 561 465 618 et
484 575 567 618 nunc
583 552 657 619 satis
671 557 728 634 est,
743 574 925 638 cognoscere
945 573 1001 637 per
1014 550 1241 637 experientiam,
1256 549 1290 616 in
1303 549 1352 614 bis

249 686 314 728 non
338 664 444 730 haberi
466 665 611 731 virtutem
638 665 811 731 naturalem
840 664 970 730 sanandi
998 685 1117 731 coecum
1146 672 1264 729 natum.
1319 663 1353 726 Si

250 775 400 842 increduli
421 785 533 864 putant
554 798 619 841 esse
641 777 675 842 in
698 777 791 842 saliva
812 784 845 842 et
868 799 947 862 aqua
969 774 1062 840 talem
1083 774 1239 853 virtutem,
1261 794 1354 858 quara

250 910 421 974 numquam
445 890 563 954 coecum
588 896 698 954 natum
723 909 829 953 curare
854 887 1073 953 tentaverunt?
1116 886 1199 952 Item
1221 885 1354 950 bmmus

250 996 322 1064 iude
343 1021 362 1064 a
386 1007 518 1085 quatuor
540 998 648 1064 diebus
670 1000 822 1078 mortuus,
842 997 959 1063 Christi
980 997 1067 1062 iussu
1089 1018 1191 1062 corum
1212 994 1354 1082 pluribus

250 1096 384 1176 testibus
405 1111 548 1195 resurgit.
603 1110 739 1189 Maiores
759 1108 857 1175 nostii
882 1131 945 1174 non
967 1108 1149 1193 indigebant
1173 1129 1354 1192 cognoscere

251 1223 405 1304 chimiam,
420 1232 475 1289 aut
495 1223 745 1308 magnetismum,
760 1231 814 1288 aut
829 1221 904 1308 quid
926 1220 1036 1301 sindle,
1051 1229 1087 1284 ut
1108 1220 1167 1286 boc
1185 1241 1242 1306 pro
1263 1219 1354 1285 mira·

252 1334 320 1400 culo
335 1334 468 1400 evidenti
491 1343 700 1419 agnoscerent.
746 1333 837 1398 Ratio
859 1341 915 1412 est,
930 1331 1002 1417 quia
1024 1331 1161 1398 medium
1180 1328 1355 1396 adhibitum

252 1445 291 1510 ad
305 1445 516 1512 suscitandum
530 1446 680 1511 Lanarum
694 1443 832 1510 nonfuit
847 1443 968 1524 chimia,
984 1449 1038 1510 aut
1052 1441 1285 1527 magnetismns,
1301 1439 1355 1506 sed

251 1581 318 1624 voc.
364 1557 463 1623 Voces
477 1565 579 1622 autem
598 1562 700 1622 aerem
715 1557 858 1621 ferientes
879 1577 943 1619 non
957 1561 1130 1619 restaurant
1143 1553 1353 1639 organismum

252 1677 429 1755 corruptum
451 1669 603 1735 cadaveris
625 1667 830 1755 quatriduani,
845 1688 902 1731 nec
921 1674 1048 1731 evocant
1069 1675 1123 1732 aut
1142 1665 1270 1750 alligant
1289 1663 1354 1729 ani-

253 1803 345 1846 mam.
390 1780 424 1846 si
448 1778 599 1846 increduli
619 1781 732 1866 putant
755 1777 994 1864 magnetismum
1015 1775 1056 1842 ad
1075 1775 1300 1842 resuscitandos
1321 1774 1355 1840 in

252 1891 381 1956 instanti
398 1891 618 1978 quatriduanos
639 1890 748 1956 utilem
765 1913 831 1955 esse
845 1897 876 1955 et
896 1889 1056 1970 efficacem,
1071 1910 1165 1975 quare
1185 1889 1354 1976 numquam

252 2003 374 2082 amicos,
389 2012 443 2067 aut
457 2003 575 2084 fratres,
591 2010 645 2068 aut
659 2002 800 2089 parentes
815 1999 1022 2068 resuscitautl

297 2113 437 2178 Profecto
459 2113 586 2179 scientia
598 2135 702 2178 rerum
723 2091 909 2178 naturalium
931 2111 1051 2198 plenior
1064 2132 1100 2176 ac
1117 2109 1297 2197 profimdior
1316 2109 1358 2180 ad

252 2223 409 2290 veritatem
435 2223 575 2289 miraculi
597 2223 820 2308 agnoscendam
843 2245 923 2308 saepe
948 2221 1042 2302 utilis,
1058 2221 1242 2308 quandoque
1263 2220 1356 2286 etiam

253 2335 421 2400 necessaria
435 2343 491 2400 est.
538 2334 600 2400 Sed
621 2344 750 2400 nonest
769 2357 847 2420 opus
864 2333 1016 2420 profunde
1034 2333 1110 2398 scire
1129 2334 1356 2413 astronomiam,

253 2455 307 2511 aut
330 2447 546 2527 mechanicam,
561 2455 616 2511 aut
638 2446 771 2532 opticam
794 2446 834 2511 ad
858 2445 1057 2512 iudicandum
1079 2445 1117 2510 de
1137 2445 1357 2512 resurrectione

252 2557 367 2640 Lazari,
391 2581 448 2623 nec
470 2558 624 2638 chimiam,
643 2567 698 2623 aut
719 2558 902 2638 botanicam,
922 2566 978 2623 aut
1001 2558 1186 2623 acousticam
1212 2557 1252 2624 ad
1273 2557 1355 2623 iudi·

254 2669 386 2734 candum
407 2669 445 2734 dc
459 2669 606 2735 eiectione
621 2669 795 2735 daemonum
809 2670 843 2734 in
857 2693 982 2756 gregem
996 2692 1169 2756 porcorum,
1184 2692 1240 2735 nec
1255 2671 1356 2755 geolc-

254 2781 347 2865 giam,
371 2789 425 2846 aut
450 2782 645 2862 anatomiam,
663 2791 717 2847 aut
741 2782 891 2848 medicam
917 2789 1014 2847 artem
1035 2783 1075 2847 ad
1097 2781 1295 2848 iudicandum
1318 2783 1357 2848 de

254 2893 413 2976 repentina
427 2890 569 2957 ficulneae
578 2893 785 2974 exsiccatione,
796 2916 853 2959 nec
868 2893 1105 2973 electricitatem,
1122 2902 1175 2958 aut
1189 2891 1357 2979 coologiam

230 3055 233 3062 .
254 3013 308 3068 aut
323 3002 562 3088 magnetismum
578 3004 617 3068 ad
631 3003 829 3069 iudicandum
850 3004 887 3069 de
901 3004 1079 3072 liberatione
1093 3003 1178 3070 Petri
1191 3029 1228 3070 ex
1241 3028 1359 3072 carcere

253 3124 284 3179 et
299 3114 437 3180 vinculis.
471 3115 522 3180 Ad
530 3115 688 3206 ferendum
702 3115 740 3181 de
749 3115 879 3202 singulis
892 3116 942 3180 bis
956 3116 1076 3183 casibus
1087 3117 1235 3183 iudicium
1246 3120 1357 3185 sufficit

255 3249 435 3311 cognoscere
455 3250 505 3293 eas
527 3249 633 3292 causas
650 3228 815 3308 naturales,
830 3251 899 3315 quae
917 3229 951 3293 in
972 3227 1101 3314 singulis
1115 3224 1237 3295 casibus
1254 3232 1357 3298 locum

253 3336 446 3403 babuerunt:
469 3346 500 3402 et
514 3337 541 3402 si
562 3338 688 3403 effectus
708 3347 755 3405 est
775 3339 872 3404 maior
894 3361 987 3424 quam
1008 3339 1113 3424 quiex
1134 3341 1358 3426 conspiratione

256 3447 364 3512 talium
384 3470 544 3513 causarum
558 3449 708 3534 proficisci
728 3459 839 3536 potest,
855 3459 935 3516 recte
955 3450 1147 3518 concluditur
1160 3452 1276 3518 factum
1291 3478 1357 3520 esse

255 3559 447 3625 miraculum.
492 3559 586 3638 Quod
608 3561 644 3642 si,
665 3570 702 3627 ut
726 3584 789 3627 non
813 3585 881 3629 raro
905 3562 1025 3643 accidit,
1041 3563 1174 3630 dubitari
1196 3566 1294 3651 possit
1316 3590 1357 3634 an

256 3671 382 3736 effectus
407 3695 443 3738 ex
467 3673 566 3738 causis
591 3673 783 3739 naturalibus
807 3673 957 3758 proficisci
981 3675 1124 3760 potuerit,
1150 3685 1226 3742 tunc
1250 3679 1357 3764 utique

256 3783 437 3849 miraculum
448 3807 515 3860 ¹non
536 3785 595 3850 erit
610 3794 737 3866 certum,
753 3785 832 3850 sicut
847 3785 873 3850 si
894 3785 964 3871 quis
978 3786 1017 3851 de
1031 3787 1194 3856 Peloestina
1209 3788 1243 3854 in
1258 3790 1357 3876 AEgy·

256 3904 345 3980 ptum
369 3896 498 3990 tendens
521 3897 647 3983 incipiat
672 3897 813 3962 dubitare
835 3907 942 3962 utrum
965 3897 1066 3964 adhuc
1091 3899 1132 3964 sit
1156 3899 1189 3964 in
1215 3904 1357 3968 extremis

256 4005 405 4071 limitibus
419 4007 598 4088 Palestinae,
614 4031 653 4072 an
668 4008 729 4074 iam
743 4009 858 4094 primos
873 4009 1004 4094 AEgypti
1017 4009 1094 4073 fines
1109 4009 1254 4096 attigerit.
1296 4013 1357 4079 Sed

255 4116 339 4181 aliud
354 4126 400 4182 est
414 4141 473 4182 con
486 4141 597 4203 semper
610 4141 699 4204 posse
716 4139 879 4203 agnoscere
893 4118 1084 4202 miraculum,
1100 4121 1184 4186 aliud
1201 4146 1357 4210 numquam

255 4249 354 4312 posse.

299 4341 352 4403 61.
376 4338 491 4404 Obiicit
512 4340 657 4420 Voltaire,
684 4339 864 4405 miraculum
889 4363 954 4406 esse
977 4341 1052 4427 quid
1078 4345 1355 4413 contradictorium.
