3212 4986
271 312 314 376 60
757 331 800 378 on
817 331 892 374 nuo.
1213 306 1300 390 [oar.
1317 324 1372 367 111.

270 491 354 555 tione
374 499 594 577 consequentes
613 512 677 556 non
693 489 809 556 babent
827 498 862 555 ut
881 490 924 556 sie
941 490 1100 556 formalem
1122 490 1304 567 libertatem,
1320 485 1373 551 sed

270 602 420 667 causalem
443 611 576 682 tentum,
599 602 672 687 quia
693 601 894 688 perficiuntur
916 624 934 665 a
955 601 1101 686 potentiis
1123 599 1285 666 executivis
1315 598 1373 662 sub

270 713 397 798 imperio
411 713 578 780 voluntatis
592 714 653 778 iam
668 713 854 778 adhaerentis
869 712 1071 778 determinato
1086 711 1215 778 obiecto.

315 828 367 891 73.
390 827 490 891 Dices.
515 826 548 891 Si
570 826 656 890 Deus
672 824 754 890 videt
775 847 840 890 rem
862 825 936 904 fore,
952 824 1025 909 quia
1045 825 1151 890 futura
1172 830 1228 904 est,
1249 820 1375 887 scientia

270 937 329 1002 Dei
344 937 489 1023 pendebit
504 961 522 1002 a
537 948 684 1017 creatura,
701 945 731 1002 et
746 936 803 1002 erit
817 937 944 1001 incerta.

315 1049 507 1135 Respondes,
522 1049 644 1135 proprie
664 1031 828 1134 loquendo,
843 1070 907 1113 non
926 1058 1008 1113 recte
1023 1048 1103 1113 dici:
1125 1050 1210 1113 Deus
1222 1047 1300 1112 uidet
1313 1067 1375 1110 rem

261 1163 344 1248 sore,
361 1165 431 1248 quic
447 1163 557 1248 ficturo
580 1171 634 1243 est,
649 1162 704 1227 sed
725 1161 834 1228 debere
852 1162 932 1227 dici:
955 1163 1038 1226 Deus
1052 1163 1130 1226 videt
1143 1183 1205 1225 rem
1219 1183 1288 1239 esse,
1305 1161 1374 1243 puio

272 1283 334 1354 θεὶς
357 1275 415 1339 lroc
430 1275 513 1339 enim
531 1274 670 1360 sequitur
689 1296 726 1339 ex
746 1274 814 1338 cius
831 1273 1023 1339 aeternitate:
1046 1273 1130 1358 quod
1150 1271 1231 1336 tollit
1252 1293 1374 1336 omnem

272 1385 381 1450 erroris
396 1394 449 1450 ant
464 1384 690 1450 incertitudinis
704 1384 948 1470 possibilitatem,
959 1385 1032 1470 quia
1045 1383 1214 1470 quodlibet,
1227 1383 1302 1448 dum
1317 1390 1374 1461 est,

274 1519 395 1562 necesse
410 1507 456 1562 est
471 1519 544 1563 esse.
592 1497 684 1574 Quod
699 1505 801 1562 autem
817 1497 927 1560 attinet
947 1496 986 1561 sd
1007 1495 1251 1581 dependentium,
1266 1502 1376 1559 notan-

274 1609 350 1674 dum
371 1617 429 1689 cst,
447 1609 531 1695 quod
552 1609 586 1672 in
609 1609 752 1673 omnibns
774 1630 843 1693 quae
864 1608 1050 1673 conveniunt
1064 1609 1132 1672 Deo
1155 1617 1190 1672 ut
1213 1607 1317 1691 agenti
1338 1605 1378 1670 ad

275 1731 358 1785 extra
377 1720 508 1784 habetur
530 1720 636 1784 relatio
656 1720 849 1804 contingens,
870 1720 904 1784 in
921 1743 982 1805 qua
1003 1743 1083 1785 unus
1100 1720 1251 1784 terminus
1270 1719 1377 1803 nequit

274 1830 463 1897 denominari
482 1829 624 1896 relativus
644 1832 709 1895 sine
731 1830 934 1916 dependentia
954 1831 993 1896 ab
1013 1832 1072 1896 alio
1089 1833 1231 1896 termino.
1289 1830 1376 1896 Sient

275 1965 348 2027 ergo
364 1943 450 2006 Deus
472 1943 579 2027 nequit
603 1943 791 2007 denominari
808 1943 935 2008 Creator
956 1944 1016 2009 nisi
1038 1943 1244 2029 dependenter
1262 1965 1280 2006 a
1298 1964 1377 2006 crea-

274 2054 369 2133 tione,
393 2073 463 2138 quae
485 2052 612 2117 involvit
634 2053 801 2118 terminum
824 2064 970 2134 creatum,
993 2055 1038 2120 ita
1058 2054 1167 2139 nequit
1189 2053 1379 2118 denominari

277 2164 383 2231 videns
403 2164 529 2229 scientia
545 2165 668 2228 visionis
690 2165 750 2228 nisi
772 2165 979 2250 dependenter
1001 2189 1019 2230 a
1038 2165 1237 2250 productione
1256 2163 1380 2228 termini

276 2276 411 2357 visibilis,
428 2299 445 2340 a
460 2298 521 2361 quo
536 2277 600 2341 viso
616 2275 830 2340 denominetur
844 2277 959 2340 videns.
992 2277 1053 2341 Sed
1068 2277 1147 2341 sicut
1158 2277 1244 2341 Deus
1254 2275 1381 2341 Creator

277 2411 340 2453 non
354 2389 468 2473 pendet
483 2389 643 2452 entitative
657 2412 674 2453 a
690 2395 836 2467 ereatura,
847 2389 891 2452 ita
901 2389 988 2453 Deus
1003 2388 1109 2453 videns
1120 2388 1237 2474 aliquid
1246 2396 1380 2452 creatum

278 2521 341 2562 non
364 2498 477 2583 pendet
499 2500 657 2564 entitative
679 2522 696 2563 a
719 2522 775 2563 suo
797 2499 925 2579 obiecto,
949 2500 1003 2564 scd
1027 2501 1218 2565 terminative
1247 2509 1381 2579 tantum,

279 2610 362 2696 quod
381 2610 499 2674 nullam
521 2611 595 2676 dicit
615 2612 875 2696 imperfectionem
884 2638 894 2690 3
918 2613 1078 2697 siquidem,
1095 2613 1215 2678 etiamsi
1231 2612 1382 2677 terminus

278 2723 403 2788 visionis
425 2724 557 2809 pendeat
579 2747 597 2788 a
619 2725 759 2788 libertate
781 2733 929 2790 creaturae
950 2725 1039 2788 illum
1054 2725 1121 2789 Deo
1139 2725 1319 2805 obiicientis,
1335 2733 1382 2789 at·

280 2847 383 2899 tamen
398 2835 473 2899 visio
488 2836 548 2901 Dei
570 2836 609 2900 ad
631 2835 718 2900 illum
741 2836 905 2900 terminata
927 2859 1014 2922 aeque
1034 2837 1167 2922 perfecta
1187 2845 1266 2901 esset
1282 2837 1309 2900 si
1321 2845 1382 2901 ter·

281 2948 449 3012 minaretur
463 2947 502 3011 ad
516 2947 703 3032 oppositum,
718 2955 750 3011 et
765 2947 933 3031 generatim
951 2947 1195 3032 (praescindendo
1212 2969 1230 3011 a
1249 2946 1384 3010 formali·

282 3067 345 3122 tate
366 3060 495 3137 υίιίοπίε,
512 3080 583 3142 quae
605 3065 751 3123 connotat
773 3081 820 3122 res
842 3059 962 3124 realiter
984 3059 1158 3143 existentes)
1184 3058 1311 3122 scientia
1324 3057 1385 3121 Dei

283 3193 346 3235 non
361 3169 460 3254 magis
473 3171 607 3255 perlecta
618 3179 665 3234 cst
680 3170 706 3234 si
720 3171 902 3235 terminetur
915 3170 955 3234 ad
969 3178 1063 3250 extra,
1075 3192 1167 3256 quam
1180 3170 1206 3235 si
1217 3193 1254 3234 ex
1265 3169 1386 3234 defectu

284 3281 408 3345 termini
437 3280 525 3345 realis
554 3303 617 3344 non
646 3280 839 3346 terminetur.
884 3280 1139 3347 Concludendum
1169 3282 1273 3366 igitur,
1303 3282 1386 3366 quod

285 3392 398 3477 pendet
417 3392 542 3477 quidem
563 3415 581 3456 a
600 3401 737 3456 creatura
759 3391 854 3456 libera
873 3392 1002 3458 obiicere
1018 3394 1103 3459 hunc
1118 3393 1165 3457 vel
1180 3393 1267 3457 illum
1282 3394 1387 3458 termi-

285 3526 362 3567 num
376 3503 485 3568 visioni
499 3503 621 3582 divinae‚
634 3501 687 3568 sed
702 3525 764 3568 non
780 3503 894 3588 pendet
909 3527 927 3567 a
941 3513 1078 3568 creatura
1092 3504 1175 3590 quod
1186 3504 1272 3568 Deus
1287 3504 1387 3569 videat

285 3615 450 3680 terminum
471 3614 634 3693 obiectum,
651 3638 748 3700 quum
768 3637 804 3678 ex
821 3623 931 3679 natura
950 3638 1004 3680 sua
1028 3617 1067 3680 sit
1088 3630 1160 3680 actu
1174 3614 1280 3680 videns
1297 3638 1388 3680 omne

287 3726 413 3791 visibile.
457 3726 508 3790 Ad
522 3727 590 3792 haec
604 3726 676 3790 addi
691 3735 803 3811 potest,
819 3726 903 3811 quod
917 3749 1014 3811 quum
1029 3729 1130 3792 omnis
1145 3737 1231 3792 actus
1242 3736 1389 3792 creaturae

288 3840 328 3904 sit
351 3840 453 3904 aDeo
474 3839 694 3924 praedefinitus‚
711 3838 818 3902 saltem
841 3839 943 3923 quoad
965 3839 1030 3903 eius
1053 3862 1117 3904 esse
1139 3839 1312 3926 physicum,
1327 3848 1388 3904 ter-

288 3953 391 4016 minus
413 3974 505 4037 quem
527 3959 665 4014 ereatura
686 3949 791 4014 obiicit
813 3949 881 4013 Deo
903 3949 1068 4015 videndum
1091 3948 1204 4034 pendet
1230 3951 1329 4034 primo
1351 3949 1389 4015 ab

289 4065 356 4150 ipsa
371 4063 472 4128 divina
486 4062 661 4128 voluntate:
685 4070 715 4125 et
730 4060 798 4126 ideo
815 4070 917 4146 potest
940 4061 1000 4126 dici
1021 4062 1105 4148 quod
1123 4061 1245 4147 proprie
1265 4061 1392 4126 scientia

289 4173 414 4239 visionis
436 4196 454 4237 a
475 4172 690 4237 terminatione
712 4172 824 4237 divinae
846 4172 1013 4238 voluntatis
1034 4172 1157 4258 pendet,
1188 4172 1392 4258 dependentia

289 4285 419 4370 quadem
440 4284 578 4364 rationis,
593 4283 625 4348 id
644 4294 692 4349 est
710 4283 877 4350 seeundum
900 4285 1038 4350 ordinem
1053 4284 1253 4372 concipiendi.
1299 4284 1392 4362 Quod
