3222 4984
271 346 334 408 170
581 365 624 408 nn
641 367 785 410 remorsa
803 367 860 409 nn1
878 367 915 410 ru
933 365 1063 410 nunno
1224 346 1312 430 [cnr.
1330 365 1370 409 11.

266 531 379 596 virtute
404 532 545 612 naturali,
572 544 603 598 et
628 543 740 599 terram
773 557 844 599 cum
878 557 932 598 sua
965 533 1140 618 passivitate
1170 526 1314 613 naturali,
1338 533 1371 597 in

266 640 468 708 determinata
483 644 629 709 distantia
644 668 661 709 a
677 645 749 724 sole,
765 654 797 710 et
819 667 890 709 cum
913 645 1115 709 determinata
1130 644 1287 708 velocitate
1302 652 1370 707 tan-

265 753 410 837 gentiali:
427 755 539 839 quibus
554 756 672 840 positis,
684 757 766 820 nullo
775 759 929 841 promotio
940 758 1012 822 solis
1026 765 1072 821 est
1087 757 1254 821 necessaria
1265 756 1370 820 adhoc

266 871 301 927 ut
327 864 502 929 obtineatur
527 867 626 931 orbita
652 867 846 953 supradicta:
881 859 952 952 aget
967 869 1049 933 eninr
1073 867 1119 932 sol
1140 891 1176 933 eo
1196 869 1263 953 ipso
1286 867 1371 952 quod

266 977 368 1041 existit
377 977 410 1041 in
422 979 476 1042 tali
486 987 604 1058 natura,
610 988 641 1043 et
652 980 745 1045 habet
754 981 920 1045 terminum
932 981 963 1044 in
975 1004 1036 1066 quo
1045 981 1209 1065 recipiatur
1218 979 1369 1044 attractio:

265 1097 296 1152 et
311 1097 382 1173 aget
397 1112 468 1154 cum
481 1090 533 1154 tali
554 1091 734 1155 intensitate
749 1113 785 1156 eo
809 1091 876 1177 ipso
892 1093 976 1176 quod
998 1093 1148 1156 terminus
1163 1099 1209 1156 est
1224 1091 1262 1156 ad
1276 1091 1370 1154 talem

266 1201 453 1266 distantiam.
511 1203 594 1267 Hinc
610 1203 697 1267 Deus
719 1226 783 1267 non
806 1225 860 1287 per
882 1203 1122 1287 praemotionem,
1139 1203 1193 1266 sed
1214 1225 1269 1287 per
1292 1225 1369 1287 prae-
1399 1258 1402 1263 .

266 1311 423 1376 scientiam
438 1312 577 1377 redditur
590 1313 792 1378 infallibiliter
812 1322 913 1377 certus
936 1313 974 1377 dc
995 1313 1087 1378 rebus
1109 1335 1177 1398 quae
1199 1315 1232 1377 in
1253 1312 1370 1377 mundo

265 1423 365 1488 fiunt:
396 1411 427 1488 et
443 1424 480 1489 de
495 1425 638 1488 omnibus
652 1425 788 1511 disponit
802 1426 897 1490 duab
918 1428 1049 1490 omnibus
1071 1427 1213 1490 creaturis
1236 1425 1368 1489 determi-

265 1544 352 1599 natos
373 1545 506 1615 acturos,
528 1547 558 1601 et
575 1539 710 1621 ponendo
734 1560 783 1601 cas
808 1539 840 1600 ia
864 1537 1064 1602 determinatis
1089 1538 1310 1614 conditionibus,
1333 1558 1369 1600 ex

266 1647 387 1730 quibus,
414 1669 484 1711 cum
515 1648 579 1712 solo
602 1671 752 1713 concursu
782 1647 974 1727 simultanco,
1005 1647 1213 1712 determinatae
1235 1647 1369 1711 actiones

265 1769 430 1843 exsurgent
444 1758 493 1824 vel
510 1761 694 1840 necessariae,
710 1782 779 1844 quae
799 1759 924 1824 scientia
944 1759 1093 1838 absoluta,
1108 1759 1156 1823 vel
1174 1758 1285 1838 liberae,
1301 1779 1369 1842 quae

266 1869 392 1934 scientia
407 1870 613 1935 conditionata
628 1879 864 1956 cognoscuntur.
1077 1943 1078 1948 η
1236 1869 1241 1876 ’

309 1981 360 2046 Ad
373 1983 464 2047 verba
480 1992 581 2047 autem
593 1984 624 2047 S.
637 1983 762 2047 'l'homae
778 1983 950 2061 dicendum,
963 1983 1056 2067 quod,
1071 1982 1142 2046 licet
1156 1983 1222 2067 ipse
1235 1982 1369 2046 tenuerit

264 2095 477 2160 inclinationes
491 2097 648 2160 naturales
662 2119 727 2160 esse
743 2095 911 2160 accidentia
926 2095 1020 2181 (quod
1035 2117 1099 2158 non
1121 2103 1168 2158 est
1182 2116 1287 2158 verum
1308 2093 1369 2157 nisi

267 2207 305 2270 de
314 2208 471 2273 habitibus
486 2217 517 2272 ct
532 2208 598 2273 aliis
613 2207 774 2286 eiusmodi,
789 2230 857 2292 quae
872 2216 946 2271 sunt
961 2207 993 2270 in
1012 2206 1159 2291 potentiis
1177 2205 1314 2290 passivis,
1332 2215 1369 2269 ut

265 2319 337 2384 alibi
352 2329 509 2384 ostensum
523 2331 588 2398 est3
620 2321 692 2405 quia
706 2321 803 2385 virtus
818 2319 955 2383 effectiva
966 2341 1135 2404 numquam
1147 2327 1193 2382 est
1204 2317 1368 2402 accidens),

265 2440 400 2496 attamen
416 2443 497 2497 recte
512 2433 572 2497 dici
590 2441 691 2519 potest
713 2455 768 2518 per
791 2432 1033 2509 similitudinem,
1050 2431 1133 2515 quod
1156 2432 1234 2495 sicut
1257 2431 1369 2516 sagitta

265 2542 358 2606 habet
381 2543 579 2608 directionem
605 2543 821 2608 accidentalem
846 2565 864 2606 a
890 2543 1065 2627 sagittante,
1087 2542 1131 2606 ita
1154 2540 1298 2626 quaelibet
1320 2563 1368 2604 res

266 2653 358 2718 habet
372 2655 541 2719 naturalem
558 2655 742 2720 activitatem
766 2655 808 2719 sic
823 2654 1057 2718 determinatam
1079 2676 1097 2717 a
1118 2663 1260 2717 creatore.
1308 2653 1369 2716 Sed

266 2766 349 2850 quod
374 2766 512 2831 activitas
542 2767 581 2831 sit
605 2766 817 2831 determinatio
842 2767 1030 2850 superaddito
1058 2773 1186 2844 naturae,
1210 2764 1272 2828 iam
1296 2764 1368 2828 alibi

266 2877 456 2942 ostendimus
472 2877 593 2942 admitti
604 2900 667 2942 non
682 2900 781 2962 posse.
826 2877 865 2940 V.
882 2877 920 2942 de
935 2876 1143 2941 accidentibus
1157 2899 1189 2940 n.
1206 2877 1258 2941 26.

308 2988 445 3053 Tandem
475 2990 558 3074 quod
588 2990 730 3055 obiicitur
754 2989 791 3054 dc
814 3011 964 3054 concursu
987 2989 1179 3068 simultaneo,
1210 2987 1292 3073 quod
1317 3011 1367 3052 cc-

264 3109 376 3186 spectot
398 3101 653 3186 cooperationem,
679 3109 725 3164 est
749 3101 933 3166 absurdum:
968 3124 1037 3185 quae
1059 3101 1140 3164 enim
1168 3099 1260 3164 simul
1284 3109 1367 3179 sunt,

264 3235 370 3277 eorum
385 3215 483 3277 unum
498 3234 561 3277 non
576 3215 729 3298 exspectat
744 3213 886 3276 alterum.
933 3211 1025 3288 Quod
1040 3213 1066 3275 si
1080 3234 1246 3276 concursus
1262 3212 1367 3277 simul-

265 3340 374 3389 taneus
390 3325 500 3390 dicitur
514 3325 701 3404 indifferens,
715 3324 775 3388 hoc
789 3332 910 3388 tantum
935 3324 1087 3408 significat
1109 3323 1282 3408 quod-talis
1296 3345 1367 3388 con-

265 3459 372 3503 cursus
395 3460 458 3501 non
483 3437 666 3502 determinat
692 3437 892 3517 voluntatem,
907 3458 970 3500 non
990 3435 1073 3520 quod
1089 3457 1254 3500 concursus
1270 3432 1389 3499 deter?

265 3550 400 3614 minetur
411 3573 429 3614 a
439 3550 608 3614 voluntate:
632 3548 665 3612 in
677 3549 810 3613 transitu
821 3549 904 3612 enim
914 3547 951 3612 ab
961 3560 1031 3611 actu
1040 3549 1139 3631 primo
1148 3547 1187 3610 ad
1199 3546 1368 3610 secundum

265 3663 344 3728 actio
367 3671 512 3728 creaturae
534 3670 565 3727 et
587 3662 666 3726 actio
683 3661 744 3724 Dei
766 3660 976 3724 concurrentis
998 3659 1090 3723 simul
1113 3666 1144 3722 et
1165 3680 1220 3744 per
1241 3658 1367 3722 modum

265 3774 358 3838 unius
388 3773 640 3851 determinantur,
672 3771 705 3835 id
735 3780 781 3834 est
812 3771 1059 3849 denominantur,
1090 3793 1108 3834 a
1137 3769 1278 3849 termino,
1307 3780 1369 3854 quo

264 3895 394 3973 utraque
416 3885 595 3970 completur:
640 3884 682 3948 Et
705 3906 777 3947 sanc
799 3883 922 3948 euidens
944 3892 1001 3962 est,
1025 3881 1174 3946 actionem
1196 3890 1316 3946 tantam
1338 3892 1370 3946 et

264 4000 357 4064 talem
373 4020 452 4076 esse,
463 4006 578 4082 quanta
592 4005 623 4060 et
639 3996 739 4081 qualis
754 4005 801 4059 est
816 3995 949 4059 actuatio
964 3995 1107 4073 termini3
1131 4013 1204 4078 ergo
1214 4017 1251 4058 ex
1266 4003 1369 4059 actua-

266 4113 350 4175 tione
358 4109 483 4176 termini
496 4107 687 4193 specificatur
698 4106 794 4171 actio:
811 4106 869 4169 hoc
880 4114 983 4170 autem
993 4105 1157 4190 specificari
1168 4114 1215 4170 est
1227 4105 1369 4170 determi-

266 4223 343 4287 nari.
403 4221 453 4284 Sic
481 4219 535 4282 lux
564 4218 646 4296 solis,
676 4226 768 4301 prout
798 4217 837 4279 in·
861 4217 986 4282 diversis
1016 4217 1194 4302 corporibus
1223 4218 1369 4302 recipitur

266 4333 486 4398 determinatur
496 4331 536 4394 ad
549 4329 690 4407 rubrum,
705 4328 744 4392 ad
760 4328 865 4406 viride,
882 4328 921 4392 ad
935 4329 1047 4393 flavum
1063 4336 1132 4408 etc,
1149 4329 1288 4414 quamvis
1303 4329 1370 4414 ipsa
