3212 4986
263 333 306 394 40
747 351 789 392 ma
806 349 880 392 nso,
1104 363 1108 372 -
1237 318 1322 402 [car.
1338 337 1377 379 11.

265 517 335 582 litas
350 517 556 595 constituitur,
572 517 702 582 habetur
715 540 770 603 per
783 517 850 598 hoc,
863 515 945 602 quod
958 515 1044 579 Deus
1059 512 1175 576 habens
1190 510 1269 574 hanc
1284 531 1366 573 com-

269 627 450 716 placentiam
467 627 505 691 de
523 649 578 691 sua
591 628 738 706 bonitate,
754 635 825 692 actu
844 633 1008 710 cognoscat
1031 645 1062 686 se
1078 644 1148 686 cum
1163 620 1220 685 bac
1234 618 1368 703 compla-

268 739 367 804 centia
382 740 571 818 existentem,
583 749 614 803 et
629 747 698 803 actu
710 746 801 818 amet,
813 736 970 823 approbet,
982 733 1097 798 sanciat
1112 731 1251 802 eamdem=
1260 738 1368 815 utpote

266 850 475 928 rectissimam,
510 849 776 928 ordinatissimam,
807 849 865 913 sibi
900 847 1053 910 debitam:
1085 867 1153 931 quae
1185 842 1300 907 sanctio
1336 850 1367 906 et

268 961 446 1050 approbatio
464 962 596 1048 pertinet
616 962 738 1046 proprie
754 961 793 1024 ad
816 960 1013 1023 voluntatem.
1060 957 1143 1022 Hinc
1162 979 1198 1020 ex
1219 955 1276 1018 hac
1299 976 1367 1016 san-

269 1074 379 1153 ctione,
399 1083 434 1138 ut
458 1074 501 1138 ita
523 1074 631 1153 dicam,
653 1073 761 1138 reflexa
784 1072 1010 1157 complacentiae
1030 1093 1092 1135 suae
1114 1069 1250 1146 infinitae,
1267 1067 1369 1130 divina

269 1187 410 1253 voluntas
432 1188 602 1274 concipitur
622 1187 733 1252 habere
748 1186 907 1272 formalem
929 1184 1078 1248 infinitam
1102 1181 1315 1246 rectitudinem
1338 1187 1368 1242 et

268 1299 468 1378 honestatem,
489 1322 557 1384 quar
586 1321 649 1362 non
675 1306 721 1362 est
751 1297 919 1382 specialiter
942 1295 1063 1380 propria
1093 1293 1227 1379 Spiritus
1253 1289 1368 1368 Sancti,

270 1410 348 1474 sicut
378 1410 528 1475 rectitudo
557 1419 588 1474 et
616 1410 760 1474 honestas
793 1408 1019 1493 complacentia
1047 1403 1242 1470 materialiter
1271 1403 1369 1466 consi-

270 1522 391 1601 deratae,
407 1522 461 1587 sed
480 1522 537 1585 toti
552 1520 696 1586 Trinitati
718 1521 889 1586 communis
907 1529 963 1600 est,
979 1529 1010 1583 et
1032 1518 1163 1583 identica
1185 1517 1217 1579 in
1239 1514 1369 1600 singulis

270 1634 421 1711 Personis‚
437 1635 515 1698 sicut
531 1642 561 1698 et
576 1634 642 1716 ipsa
656 1634 808 1698 voluntas.

315 1744 399 1810 Ordo
415 1745 545 1825 moralis,
561 1746 614 1831 qui
630 1769 665 1810 ex
679 1746 728 1810 his
743 1745 900 1830 principiis
915 1745 1053 1823 resultat,
1064 1740 1239 1806 nihilaliud
1253 1749 1299 1804 est
1312 1739 1371 1802 nisi

271 1857 392 1920 infinita
407 1856 573 1920 multitudo
587 1858 724 1921 virtualis
740 1857 939 1921 terminorum
954 1856 987 1919 in
1002 1855 1122 1918 infinita
1137 1854 1196 1916 Dei
1212 1853 1372 1916 sanctitate

272 1969 442 2032 eminenter
473 1976 697 2046 contentorum,
727 1992 781 2032 seu
806 1968 918 2054 quibus
945 1967 1046 2032 divina
1081 1966 1225 2030 sanctitas
1254 1963 1374 2028 realiter

271 2079 441 2142 eminenter
459 2079 627 2164 aequivalet.
673 2081 756 2145 Nam
771 2079 849 2144 sicut
872 2079 992 2142 bonitas
1007 2079 1127 2141 infinita
1147 2076 1283 2142 continet
1298 2075 1371 2139 emi-

271 2199 380 2255 nenter
406 2213 511 2255 omnes
537 2192 650 2276 gradus
675 2191 821 2256 bonitatis
844 2191 972 2255 honeste
998 2189 1135 2254 amabilis
1156 2189 1371 2274 (moralitatem

275 2302 478 2386 obiectivam),
491 2304 534 2367 ita
545 2303 762 2389 complacentia
774 2303 887 2367 directa
899 2303 936 2366 de
951 2301 1003 2367 illa
1018 2301 1138 2365 infinita
1152 2300 1289 2364 bonitate
1304 2321 1375 2362 con·

273 2414 351 2479 tinet
366 2415 536 2479 eminenter
550 2439 656 2479 omnes
671 2416 784 2499 gradus
794 2413 1019 2499 complacentiae
1034 2412 1251 2497 respondentes
1266 2411 1374 2474 merito

273 2527 411 2590 omnium
426 2527 579 2610 graduum
593 2526 738 2590 bonitatis
753 2528 956 2608 (honestatem
972 2525 1168 2589 subiectivam
1180 2523 1375 2588 materialiter

273 2637 506 2722 consideratam)
520 2664 527 2702 :
550 2637 685 2722 cognitio
700 2646 801 2701 autem
817 2644 848 2700 et
863 2635 1040 2720 approbatio
1054 2635 1135 2698 illius
1150 2634 1278 2698 infinitae
1292 2656 1374 2697 com-

273 2749 430 2834 placentiae
452 2748 610 2836 aequivalet
636 2748 805 2812 eminenter
827 2747 994 2832 cognitioni
1016 2754 1046 2809 et
1069 2745 1281 2830 approbationi
1305 2745 1375 2808 infi-

273 2861 409 2924 nitorum
437 2871 561 2924 actuum
586 2859 812 2943 complacentia
838 2857 1063 2944 adaequantium
1089 2856 1203 2942 gradus
1225 2857 1376 2942 quoslibet

272 2970 419 3035 bonitatis
435 2971 660 3054 participabiles
676 2970 715 3033 ad
730 2979 832 3034 extra:
857 2969 1075 3054 complacentia
1091 2979 1193 3033 autem
1209 2969 1252 3032 sic
1267 2992 1375 3054 appro-

274 3081 345 3145 bata
361 3081 490 3145 scienter
505 3097 534 3144 et
550 3081 774 3165 quodammodo
789 3081 897 3145 reflexo
912 3080 1096 3146 avoluntate
1110 3079 1203 3144 habet
1218 3080 1376 3144 formalem

275 3193 489 3257 moralitatem.

318 3308 372 3370 49.
396 3303 586 3389 Approbatio
612 3327 673 3389 qua
698 3304 784 3368 Deus
809 3304 957 3389 approbat
984 3325 1039 3366 sua
1061 3303 1219 3368 voluntate
1244 3302 1377 3388 compla-

275 3415 406 3482 centiam
422 3437 515 3500 quam
530 3415 623 3479 habet
639 3415 677 3478 de
692 3438 747 3479 sua
762 3415 882 3479 infinita
902 3415 1049 3492 bonitate,
1066 3414 1264 3499 inquantum
1283 3415 1377 3498 aequi-

275 3528 355 3594 valet
391 3527 602 3612 approbationi
631 3527 821 3590 infinitarum
851 3525 1138 3610 complacentiarum
1169 3525 1207 3590 de
1236 3527 1379 3590 omnibus

276 3639 466 3705 bonitatibus
489 3639 686 3723 possibilibus
716 3660 771 3722 pro
797 3661 901 3702 earum
932 3637 1050 3716 merito,
1072 3637 1245 3721 accipienda
1271 3647 1318 3701 est
1344 3646 1379 3702 ut

276 3753 376 3837 prima
405 3773 512 3814 norma
541 3750 680 3813 omnium
710 3758 834 3813 actuum
864 3748 1029 3813 voluntatis
1058 3748 1191 3812 cuiusvis
1223 3749 1379 3812 rationalis

276 3863 447 3948 possibilis:
471 3872 501 3925 et
517 3861 574 3924 sub
589 3862 647 3924 hoc
662 3868 801 3944 respectu
817 3859 928 3923 dicitur
942 3861 1007 3924 Lea
1022 3869 1138 3925 cetuna.
1171 3858 1380 3946 Quaecumque

277 3977 373 4060 igitur
396 3974 515 4059 concipi
537 3982 667 4059 possunt
688 3973 797 4037 reflexa
817 3973 996 4058 complacita
1018 3973 1108 4036 alieni
1129 3973 1290 4052 voluntati,
1306 3975 1381 4059 quin

278 4088 340 4151 sint
363 4087 532 4149 eminenter
556 4084 736 4169 complacita
759 4085 792 4146 in
819 4085 974 4147 voluntate
1001 4085 1112 4164 divina,
1138 4107 1173 4149 eo
1199 4085 1267 4169 ipso
1291 4096 1381 4151 erunt

277 4198 439 4261 inhonesta
454 4204 484 4260 et
505 4195 655 4260 contraria
674 4194 773 4259 ordini
796 4194 912 4274 morali,
928 4202 1035 4279 utpote
1051 4203 1155 4259 contra
1174 4197 1318 4261 meritum
1335 4199 1383 4263 vel

278 4309 358 4373 ultra
374 4309 517 4387 meritum
535 4316 645 4371 amata.
691 4307 754 4370 Lex
772 4314 874 4370 autem
895 4316 1008 4370 aeterna
1022 4315 1068 4370 ast
1086 4307 1223 4372 absolute
1239 4310 1384 4374 immuta·
