3222 4984
270 337 339 394 osu.
357 331 413 414 11.]
580 351 623 395 nn
638 350 779 396 aemonio
797 353 855 396 ont
872 353 910 395 in
926 353 1056 398 nonno,
1310 340 1373 404 167

262 518 373 599 prima,
398 539 461 600 qna
486 517 549 582 sola
573 525 674 600 potest
706 519 898 581 determinare
925 518 1112 583 volantatem
1157 520 1263 582 Minor
1284 525 1372 602 patet

267 629 457 710 eaperieatia.
502 629 607 692 Maior
620 651 686 704 aero
703 639 782 694 certa
797 637 851 708 est,
867 631 937 712 qaia
952 632 988 694 ab
1003 653 1036 694 eo
1052 631 1131 714 qaod
1142 639 1185 694 eat
1202 631 1371 714 indifferens

267 761 325 802 aon
335 741 398 804 enit
412 740 619 805 determinatas
634 742 753 825 effectas
761 765 771 818 3
793 742 935 824 siqnidem
950 764 1032 805 nemo
1047 743 1099 805 lat
1113 743 1193 825 qaod
1203 764 1262 805 nan
1272 743 1368 805 labet.

267 850 334 914 Nec
356 851 437 914 dicas
461 855 494 914 1ο
517 873 634 914 comam
661 852 780 915 liberam
804 852 991 916 determinari
1008 854 1045 915 ab
1067 854 1198 926 obiecta;
1220 854 1371 936 quiahoc

266 965 390 1046 capnito,
406 963 651 1027 adlaetaolantas
669 972 767 1027 mamt
783 963 963 1047 ininferna.
1008 965 1074 1026 Nec
1093 964 1174 1028 dicas
1195 965 1230 1028 2⁰
1250 985 1367 1028 canaam

264 1096 296 1142 te
321 1074 512 1138 determinare
528 1098 585 1158 per
609 1097 692 1138 snam
715 1077 858 1139 actionem
868 1097 882 1153 ;
916 1076 986 1158 qaia
1003 1077 1081 1139 actio
1104 1099 1162 1140 non
1185 1078 1247 1140 enit
1269 1077 1327 1138 nisi
1349 1099 1368 1139 a

265 1206 354 1248 caasa
368 1186 568 1249 determinata.
614 1185 679 1249 Nec
696 1186 777 1250 dicas
791 1187 826 1249 3⁰
852 1187 928 1249 lanc
950 1186 1217 1250 determinatim
1225 1185 1297 1267 fieri
1310 1208 1369 1268 per

265 1318 434 1360 concurram
447 1299 671 1372 simultaneom;
695 1299 765 1380 qaia
779 1319 935 1361 concarata
948 1298 1138 1362 simaltomas
1146 1307 1190 1362 est
1200 1298 1368 1381 indifferens

264 1409 351 1472 lanta
365 1409 524 1488 Molinam,
540 1417 569 1473 et
583 1418 733 1492 cospectat
747 1419 888 1474 cremara
902 1410 1177 1474 determinationem.

310 1521 393 1586 Huic
421 1522 679 1606 argumentationi
709 1521 872 1586 difficulter
907 1521 1138 1606 respondebunt
1182 1521 1367 1607 quicumque

263 1639 376 1716 putant
397 1631 568 1696 libertatem
588 1656 654 1698 esse
673 1632 849 1698 facultatem
859 1635 959 1717 primo
967 1633 1099 1716 ponendi
1118 1631 1243 1719 physice
1263 1643 1366 1697 actum

263 1742 420 1806 internum
434 1744 661 1830 complacentia
672 1744 718 1809 vel
734 1744 933 1828 displicentia
948 1744 986 1808 de
1000 1745 1119 1810 obiecto
1128 1745 1293 1830 proposito.
1323 1746 1366 1810 Et

264 1861 354 1933 certe,
370 1854 396 1918 si
416 1855 459 1920 sic
479 1855 603 1920 libertas
622 1864 702 1920 esset
721 1855 908 1940 explicanda,
931 1865 1008 1941 puto
1027 1855 1104 1920 nihil
1123 1856 1254 1920 solidum
1277 1879 1366 1942 posse

263 1966 449 2050 responderi,
465 1989 527 2051 quo
545 1967 706 2032 difficultas
730 1967 846 2032 obiecta
871 1966 1046 2032 solveretur.
1093 1967 1154 2031 sed
1174 1991 1210 2032 ex
1234 1968 1282 2047 iis,
1298 1991 1367 2053 quae

261 2077 340 2142 clare
355 2078 544 2144 ostendimus
558 2081 591 2144 in
602 2087 735 2145 tractatu
750 2080 788 2143 de
801 2079 927 2143 homine
941 2081 985 2163 (n.
996 2081 1049 2146 67.
1062 2088 1093 2144 et
1105 2083 1203 2165 seqq.)
1208 2128 1218 2160 ,
1229 2081 1365 2145 formalis

262 2189 385 2254 libertas
400 2190 539 2255 consistit
553 2191 586 2254 in
601 2192 669 2271 hoc,
682 2190 765 2275 quod
773 2192 873 2274 posita
888 2200 957 2256 acta
965 2193 1064 2275 priato
1079 2192 1300 2279 complacentia,
1312 2193 1366 2276 qui

262 2310 349 2366 actus
372 2311 418 2367 est
439 2303 587 2367 naturalis
608 2311 640 2367 et
662 2303 850 2367 necessarius
862 2303 1034 2388 formaliter
1058 2304 1141 2386 (nam
1156 2303 1319 2388 aliqnando
1334 2305 1366 2368 in

261 2436 349 2478 caasa
364 2414 496 2479 estliber
506 2423 629 2500 propter
639 2414 765 2478 liberam
776 2414 950 2479 intellectus
959 2414 1365 2500 applicationem),voluntas

261 2547 332 2589 cum
347 2525 535 2591 advertentia
545 2534 662 2591 maneat
676 2528 708 2590 in
722 2548 774 2590 sno
790 2535 868 2607 acta,
880 2527 948 2590 dam
956 2535 1060 2611 posset
1074 2528 1105 2591 in
1119 2549 1152 2591 eo
1167 2549 1225 2590 nan
1239 2549 1364 2591 manere.

263 2637 346 2701 Hinc
361 2638 505 2702 facillima
518 2639 554 2702 fit
569 2637 680 2702 solutio
695 2638 859 2722 propositae
872 2637 1070 2702 difficultatis.
1117 2638 1365 2722 Respondebitur

261 2749 344 2813 enim
375 2773 401 2813 c.
432 2751 482 2814 M.
509 2750 577 2813 dist.
608 2751 677 2814 min.
707 2749 859 2813 Voluntas
889 2749 1024 2814 humana
1053 2757 1100 2813 est
1123 2749 1300 2814 indifferens
1326 2750 1366 2816 ad

183 2937 185 2940 Ι
261 2859 452 2940 utrumlibet,
468 2860 501 2924 id
515 2869 561 2925 est
575 2859 615 2924 ad
629 2860 818 2925 manendum
832 2858 879 2925 vel
893 2882 955 2924 non
971 2859 1160 2924 manendum
1174 2860 1208 2923 in
1223 2882 1278 2924 suo
1293 2869 1364 2924 actu

151 3057 155 3066 Ι
260 2972 360 3056 primo
375 2979 542 3056 spontaneo
557 2995 583 3036 o.
595 2973 676 3052 min,
691 2971 730 3036 ad
745 2970 937 3050 utrumlibet,
951 2970 984 3034 id
999 2977 1045 3034 est
1060 2969 1100 3034 ad
1118 2971 1307 3055 ponendum,
1316 2972 1363 3037 vel

260 3106 323 3148 non
343 3083 521 3169 ponendum
544 3091 647 3148 actum
672 3083 937 3168 spontaneum,.in
960 3103 1023 3167 quo
1045 3081 1186 3146 consistit
1208 3084 1364 3148 materiale

259 3195 413 3260 volitionis
432 3195 533 3260 liberae
552 3219 582 3260 a.
603 3198 673 3260 min.
694 3204 724 3259 et
741 3217 819 3259 cons.
865 3193 975 3257 Omnis
990 3193 1088 3258 virtus
1110 3193 1206 3257 activa
1221 3202 1267 3257 est
1283 3194 1363 3258 eius·

259 3307 353 3386 modi,
362 3315 399 3372 ut
409 3307 589 3372 naturaliter
600 3307 738 3391 prosiliat
752 3309 785 3370 in
801 3314 903 3370 actum
919 3305 1023 3369 statim
1038 3326 1072 3369 ac
1087 3304 1179 3368 habet
1195 3305 1362 3369 terminum

258 3419 292 3482 in
308 3419 425 3503 sphaera
440 3441 502 3483 snae
517 3419 697 3484 activitatis:
721 3427 751 3482 et
761 3418 911 3494 voluntas,
924 3415 1028 3480 statim
1044 3437 1078 3480 ac
1093 3417 1274 3500 proponitur
1285 3418 1362 3482 ratio

258 3531 332 3595 boni
353 3553 408 3616 per
426 3530 627 3610 intellectum,
642 3531 759 3616 patitur
773 3537 900 3602 *motum
917 3529 949 3590 in
970 3527 1096 3610 regione
1116 3527 1262 3606 affectiva,
1279 3537 1310 3593 et
1327 3530 1363 3593 fit

258 3643 291 3707 in
315 3643 426 3706 aotaali
448 3643 669 3727 complacentia
691 3641 804 3705 directa
830 3639 868 3704 de
897 3639 979 3704 bono
1005 3638 1063 3702 sibi
1092 3639 1268 3723 proposito:
1306 3661 1362 3704 nec

256 3753 382 3817 libertas
402 3749 540 3817 consistit
560 3752 593 3815 in
608 3752 639 3816 vi
658 3747 867 3837 suspendendi
885 3749 969 3814 hunc
984 3757 1085 3813 actum
1100 3749 1244 3833 primum,
1262 3749 1316 3812 sed
1329 3750 1361 3812 in

257 3864 403 3929 facultate
425 3865 570 3929 manendi
584 3864 632 3929 vel
648 3886 711 3928 non
730 3861 875 3926 manendi
894 3861 1004 3925 refiexe
1023 3861 1056 3924 in
1072 3881 1108 3924 eo
1123 3868 1214 3924 actu:
1238 3859 1264 3923 si
1278 3859 1361 3924 eninr

257 3977 290 4041 in
310 3999 346 4042 eo
362 3986 485 4040 maneat
503 3976 621 4055 reflexo,
640 3997 694 4040 seu
713 3975 794 4038 facta
813 3972 1011 4051 advertentia,
1031 3971 1149 4036 dicetur
1171 3971 1267 4035 libere
1289 3993 1360 4035 con-

257 4089 379 4167 sentire,
395 4089 515 4152 etiamsi
536 4087 658 4152 nullum
680 4107 794 4151 novum
816 4093 919 4150 actum
940 4092 1046 4169 ponat,
1062 4082 1212 4168 siquidem
1234 4082 1297 4146 iam
1313 4092 1361 4147 est

256 4200 290 4264 in
308 4195 390 4266 actu.
435 4199 545 4285 Itaque
569 4207 635 4264 tota
658 4196 819 4262 difficultas
842 4195 1014 4262 radicaliter
1037 4195 1188 4259 evanescit
1210 4195 1361 4274 notando,

257 4313 341 4398 quod
361 4311 503 4379 voluntas
528 4311 628 4396 primo
651 4310 870 4375 determinatur
896 4307 934 4372 ab
960 4307 1027 4392 ipso
1052 4307 1177 4370 obiecto
1193 4305 1233 4396 ad
1258 4314 1360 4385 actum
