<?xml version="1.0" encoding="UTF-8"?>
<!DOCTYPE html PUBLIC "-//W3C//DTD XHTML 1.0 Transitional//EN"
    "http://www.w3.org/TR/xhtml1/DTD/xhtml1-transitional.dtd">
<html xmlns="http://www.w3.org/1999/xhtml" xml:lang="en" lang="en">
 <head>
  <title>
</title>
<meta http-equiv="Content-Type" content="text/html;charset=utf-8" />
  <meta name='ocr-system' content='tesseract 3.04.00' />
  <meta name='ocr-capabilities' content='ocr_page ocr_carea ocr_par ocr_line ocrx_word'/>
</head>
<body>
  <div class='ocr_page' id='page_1' title='image "./realisphilosoph01baymgoog_0321.png"; bbox 0 0 3186 4982; ppageno 0'>
   <div class='ocr_carea' id='block_1_1' title="bbox 270 316 1376 404">
    <p class='ocr_par' dir='ltr' id='par_1_1' title="bbox 270 316 1376 404">
     <span class='ocr_line' id='line_1_1' title="bbox 270 316 1376 404; baseline 0 -22"><span class='ocrx_word' id='word_1_1' title='bbox 270 316 335 382; x_wconf 80' lang='lat'><strong>306</strong></span> <span class='ocrx_word' id='word_1_2' title='bbox 641 337 747 384; x_wconf 80' lang='lat' dir='ltr'><strong>runrx</strong></span> <span class='ocrx_word' id='word_1_3' title='bbox 762 339 999 386; x_wconf 81' lang='lat' dir='ltr'><strong>euroaoercns.</strong></span> <span class='ocrx_word' id='word_1_4' title='bbox 1212 319 1300 404; x_wconf 78' lang='lat' dir='ltr'><strong>[cnr.</strong></span> <span class='ocrx_word' id='word_1_5' title='bbox 1318 337 1376 382; x_wconf 86' lang='lat'>111.</span> 
     </span>
    </p>
   </div>
   <div class='ocr_carea' id='block_1_2' title="bbox 243 499 1377 4304">
    <p class='ocr_par' dir='ltr' id='par_1_2' title="bbox 269 499 1377 747">
     <span class='ocr_line' id='line_1_2' title="bbox 269 499 1377 576; baseline 0.002 -20"><span class='ocrx_word' id='word_1_6' title='bbox 269 499 335 574; x_wconf 86' lang='lat' dir='ltr'><strong>quia</strong></span> <span class='ocrx_word' id='word_1_7' title='bbox 355 499 496 558; x_wconf 79' lang='lat' dir='ltr'><strong>subiicitur</strong></span> <span class='ocrx_word' id='word_1_8' title='bbox 512 499 617 557; x_wconf 84' lang='lat' dir='ltr'><strong>actioni</strong></span> <span class='ocrx_word' id='word_1_9' title='bbox 637 503 753 574; x_wconf 74' lang='lat' dir='ltr'><strong>agenda,</strong></span> <span class='ocrx_word' id='word_1_10' title='bbox 772 507 802 558; x_wconf 89' lang='lat' dir='ltr'><strong>et</strong></span> <span class='ocrx_word' id='word_1_11' title='bbox 821 520 882 558; x_wconf 90' lang='lat' dir='ltr'><strong>eam</strong></span> <span class='ocrx_word' id='word_1_12' title='bbox 903 503 1001 575; x_wconf 86' lang='lat' dir='ltr'><strong>recipit</strong></span> <span class='ocrx_word' id='word_1_13' title='bbox 1023 503 1160 576; x_wconf 86' lang='lat' dir='ltr'><strong>potiendo.</strong></span> <span class='ocrx_word' id='word_1_14' title='bbox 1203 501 1277 558; x_wconf 78' lang='lat' dir='ltr'><strong>Hinc</strong></span> <span class='ocrx_word' id='word_1_15' title='bbox 1301 501 1377 558; x_wconf 87' lang='lat' dir='ltr'><strong>sicut</strong></span> 
     </span>
     <span class='ocr_line' id='line_1_3' title="bbox 269 587 1376 662; baseline 0.003 -19"><span class='ocrx_word' id='word_1_16' title='bbox 269 587 370 644; x_wconf 80' lang='lat' dir='ltr'><strong>dicitm</strong></span> <span class='ocrx_word' id='word_1_17' title='bbox 381 588 454 660; x_wconf 88' lang='lat' dir='ltr'><strong>quod</strong></span> <span class='ocrx_word' id='word_1_18' title='bbox 466 605 627 658; x_wconf 70' lang='lat' dir='ltr'><strong>moyere</strong></span> <span class='ocrx_word' id='word_1_19' title='bbox 639 589 694 660; x_wconf 67' lang='lat' dir='ltr'><strong>coit</strong></span> <span class='ocrx_word' id='word_1_20' title='bbox 705 589 867 661; x_wconf 57' lang='lat' dir='ltr'><strong>aptantes</strong></span> <span class='ocrx_word' id='word_1_21' title='bbox 878 595 915 644; x_wconf 86' lang='lat' dir='ltr'><strong>cst</strong></span> <span class='ocrx_word' id='word_1_22' title='bbox 926 591 1032 660; x_wconf 82' lang='lat' dir='ltr'><strong>inacta,</strong></span> <span class='ocrx_word' id='word_1_23' title='bbox 1045 589 1085 646; x_wconf 93' lang='lat' dir='ltr'><strong>sic</strong></span> <span class='ocrx_word' id='word_1_24' title='bbox 1096 589 1181 646; x_wconf 82' lang='lat' dir='ltr'><strong>etiam</strong></span> <span class='ocrx_word' id='word_1_25' title='bbox 1191 588 1291 646; x_wconf 78' lang='lat' dir='ltr'><strong>dicitu</strong></span> <span class='ocrx_word' id='word_1_26' title='bbox 1299 589 1376 662; x_wconf 89' lang='lat' dir='ltr'><strong>quod</strong></span> 
     </span>
     <span class='ocr_line' id='line_1_4' title="bbox 269 673 955 747; baseline 0.006 -20"><span class='ocrx_word' id='word_1_27' title='bbox 269 691 344 728; x_wconf 81' lang='lat' dir='ltr'><strong>mnae</strong></span> <span class='ocrx_word' id='word_1_28' title='bbox 350 673 453 745; x_wconf 76' lang='lat' dir='ltr'><strong>pcts&#39;csn</strong></span> <span class='ocrx_word' id='word_1_29' title='bbox 458 674 564 744; x_wconf 76' lang='lat' dir='ltr'><strong>potitor</strong></span> <span class='ocrx_word' id='word_1_30' title='bbox 571 673 601 728; x_wconf 78' lang='lat' dir='ltr'><strong>tn</strong></span> <span class='ocrx_word' id='word_1_31' title='bbox 613 680 739 746; x_wconf 79' lang='lat' dir='ltr'><strong>quantam</strong></span> <span class='ocrx_word' id='word_1_32' title='bbox 747 681 784 730; x_wconf 86' lang='lat' dir='ltr'><strong>cst</strong></span> <span class='ocrx_word' id='word_1_33' title='bbox 793 676 822 730; x_wconf 79' lang='lat' dir='ltr'><strong>ta</strong></span> <span class='ocrx_word' id='word_1_34' title='bbox 828 677 955 747; x_wconf 79' lang='lat' dir='ltr'><strong>potentia</strong></span> 
     </span>
    </p>

    <p class='ocr_par' dir='ltr' id='par_1_3' title="bbox 265 757 1376 1182">
     <span class='ocr_line' id='line_1_5' title="bbox 304 757 1376 836; baseline 0.001 -21"><span class='ocrx_word' id='word_1_35' title='bbox 304 758 399 825; x_wconf 80' lang='lat' dir='ltr'><strong>Quum</strong></span> <span class='ocrx_word' id='word_1_36' title='bbox 416 757 505 814; x_wconf 89' lang='lat' dir='ltr'><strong>omnis</strong></span> <span class='ocrx_word' id='word_1_37' title='bbox 521 764 646 816; x_wconf 83' lang='lat' dir='ltr'><strong>creatura</strong></span> <span class='ocrx_word' id='word_1_38' title='bbox 662 760 760 816; x_wconf 86' lang='lat' dir='ltr'><strong>habeat</strong></span> <span class='ocrx_word' id='word_1_39' title='bbox 775 761 923 816; x_wconf 87' lang='lat' dir='ltr'><strong>terminum</strong></span> <span class='ocrx_word' id='word_1_40' title='bbox 940 761 1128 836; x_wconf 72' lang='lat' dir='ltr'><strong>potentialem,</strong></span> <span class='ocrx_word' id='word_1_41' title='bbox 1146 761 1235 817; x_wconf 89' lang='lat' dir='ltr'><strong>omnis</strong></span> <span class='ocrx_word' id='word_1_42' title='bbox 1251 766 1376 817; x_wconf 79' lang='lat' dir='ltr'><strong>creatura</strong></span> 
     </span>
     <span class='ocr_line' id='line_1_6' title="bbox 268 845 1374 921; baseline 0.002 -19"><span class='ocrx_word' id='word_1_43' title='bbox 268 845 352 902; x_wconf 88' lang='lat' dir='ltr'><strong>habet</strong></span> <span class='ocrx_word' id='word_1_44' title='bbox 370 845 543 902; x_wconf 85' lang='lat' dir='ltr'><strong>intrinsecam</strong></span> <span class='ocrx_word' id='word_1_45' title='bbox 564 847 742 919; x_wconf 73' lang='lat' dir='ltr'><strong>capacitatem</strong></span> <span class='ocrx_word' id='word_1_46' title='bbox 758 848 927 918; x_wconf 74' lang='lat' dir='ltr'><strong>mutationis,</strong></span> <span class='ocrx_word' id='word_1_47' title='bbox 940 866 989 904; x_wconf 89' lang='lat' dir='ltr'><strong>seu</strong></span> <span class='ocrx_word' id='word_1_48' title='bbox 1007 854 1049 905; x_wconf 89' lang='lat' dir='ltr'><strong>est</strong></span> <span class='ocrx_word' id='word_1_49' title='bbox 1069 847 1222 904; x_wconf 90' lang='lat' dir='ltr'><strong>subiectum</strong></span> <span class='ocrx_word' id='word_1_50' title='bbox 1240 849 1374 921; x_wconf 89' lang='lat' dir='ltr'><strong>passionis</strong></span> 
     </span>
     <span class='ocr_line' id='line_1_7' title="bbox 266 931 1373 1008; baseline 0.003 -20"><span class='ocrx_word' id='word_1_51' title='bbox 266 932 441 1006; x_wconf 78' lang='lat' dir='ltr'><strong>receptivum.</strong></span> <span class='ocrx_word' id='word_1_52' title='bbox 485 931 588 989; x_wconf 77' lang='lat' dir='ltr'><strong>Contra</strong></span> <span class='ocrx_word' id='word_1_53' title='bbox 604 933 687 1005; x_wconf 91' lang='lat' dir='ltr'><strong>Deus,</strong></span> <span class='ocrx_word' id='word_1_54' title='bbox 706 934 735 989; x_wconf 92' lang='lat' dir='ltr'><strong>in</strong></span> <span class='ocrx_word' id='word_1_55' title='bbox 754 951 807 1008; x_wconf 90' lang='lat' dir='ltr'><strong>quo</strong></span> <span class='ocrx_word' id='word_1_56' title='bbox 827 935 968 1006; x_wconf 90' lang='lat' dir='ltr'><strong>terminus,</strong></span> <span class='ocrx_word' id='word_1_57' title='bbox 987 955 1035 993; x_wconf 90' lang='lat' dir='ltr'><strong>ssu</strong></span> <span class='ocrx_word' id='word_1_58' title='bbox 1046 935 1176 1006; x_wconf 86' lang='lat' dir='ltr'><strong>Verbum,</strong></span> <span class='ocrx_word' id='word_1_59' title='bbox 1188 941 1231 991; x_wconf 92' lang='lat' dir='ltr'><strong>est</strong></span> <span class='ocrx_word' id='word_1_60' title='bbox 1248 941 1322 991; x_wconf 88' lang='lat' dir='ltr'><strong>totus</strong></span> <span class='ocrx_word' id='word_1_61' title='bbox 1341 937 1373 991; x_wconf 89' lang='lat' dir='ltr'><strong>in</strong></span> 
     </span>
     <span class='ocr_line' id='line_1_8' title="bbox 266 1017 1372 1097; baseline 0.005 -24"><span class='ocrx_word' id='word_1_62' title='bbox 266 1025 328 1074; x_wconf 86' lang='lat' dir='ltr'><strong>actu</strong></span> <span class='ocrx_word' id='word_1_63' title='bbox 340 1024 368 1074; x_wconf 94' lang='lat' dir='ltr'><strong>et</strong></span> <span class='ocrx_word' id='word_1_64' title='bbox 379 1017 450 1074; x_wconf 88' lang='lat' dir='ltr'><strong>nihil</strong></span> <span class='ocrx_word' id='word_1_65' title='bbox 460 1019 544 1075; x_wconf 82' lang='lat' dir='ltr'><strong>habet</strong></span> <span class='ocrx_word' id='word_1_66' title='bbox 554 1020 771 1092; x_wconf 89' lang='lat' dir='ltr'><strong>potentialitatis,</strong></span> <span class='ocrx_word' id='word_1_67' title='bbox 783 1025 826 1078; x_wconf 84' lang='lat' dir='ltr'><strong>est</strong></span> <span class='ocrx_word' id='word_1_68' title='bbox 836 1039 946 1095; x_wconf 89' lang='lat' dir='ltr'><strong>prorsus</strong></span> <span class='ocrx_word' id='word_1_69' title='bbox 956 1022 1131 1097; x_wconf 89' lang='lat' dir='ltr'><strong>impassibilis</strong></span> <span class='ocrx_word' id='word_1_70' title='bbox 1142 1028 1171 1078; x_wconf 94' lang='lat' dir='ltr'><strong>et</strong></span> <span class='ocrx_word' id='word_1_71' title='bbox 1183 1022 1372 1094; x_wconf 85' lang='lat' dir='ltr'><strong>immutabilis,</strong></span> 
     </span>
     <span class='ocr_line' id='line_1_9' title="bbox 265 1104 938 1182; baseline 0.006 -22"><span class='ocrx_word' id='word_1_72' title='bbox 265 1109 295 1160; x_wconf 93' lang='lat' dir='ltr'><strong>et</strong></span> <span class='ocrx_word' id='word_1_73' title='bbox 306 1123 361 1160; x_wconf 90' lang='lat' dir='ltr'><strong>non</strong></span> <span class='ocrx_word' id='word_1_74' title='bbox 371 1104 453 1161; x_wconf 86' lang='lat' dir='ltr'><strong>habet</strong></span> <span class='ocrx_word' id='word_1_75' title='bbox 461 1106 594 1162; x_wconf 85' lang='lat' dir='ltr'><strong>rationem</strong></span> <span class='ocrx_word' id='word_1_76' title='bbox 605 1107 721 1162; x_wconf 88' lang='lat' dir='ltr'><strong>subiecti</strong></span> <span class='ocrx_word' id='word_1_77' title='bbox 734 1108 826 1180; x_wconf 86' lang='lat' dir='ltr'>(VIIL</span> <span class='ocrx_word' id='word_1_78' title='bbox 840 1125 866 1164; x_wconf 83' lang='lat' dir='ltr'><strong>n</strong></span> <span class='ocrx_word' id='word_1_79' title='bbox 880 1109 938 1182; x_wconf 81' lang='lat'><strong>28).</strong></span> 
     </span>
    </p>

    <p class='ocr_par' dir='ltr' id='par_1_4' title="bbox 258 1192 1371 2221">
     <span class='ocr_line' id='line_1_10' title="bbox 299 1192 1371 1269; baseline 0.004 -22"><span class='ocrx_word' id='word_1_80' title='bbox 299 1193 344 1248; x_wconf 87' lang='grc'><strong>81.</strong></span> <span class='ocrx_word' id='word_1_81' title='bbox 361 1192 510 1250; x_wconf 87' lang='lat' dir='ltr'><strong>Passivitss</strong></span> <span class='ocrx_word' id='word_1_82' title='bbox 526 1211 573 1249; x_wconf 87' lang='lat' dir='ltr'><strong>seu</strong></span> <span class='ocrx_word' id='word_1_83' title='bbox 590 1194 783 1267; x_wconf 84' lang='lat' dir='ltr'><strong>potentialitas,</strong></span> <span class='ocrx_word' id='word_1_84' title='bbox 796 1212 858 1268; x_wconf 77' lang='lat' dir='ltr'><strong>qua</strong></span> <span class='ocrx_word' id='word_1_85' title='bbox 876 1195 963 1252; x_wconf 91' lang='lat' dir='ltr'><strong>estin</strong></span> <span class='ocrx_word' id='word_1_86' title='bbox 979 1199 1084 1268; x_wconf 80' lang='lat' dir='ltr'><strong>egente,</strong></span> <span class='ocrx_word' id='word_1_87' title='bbox 1097 1200 1140 1251; x_wconf 92' lang='lat' dir='ltr'><strong>est</strong></span> <span class='ocrx_word' id='word_1_88' title='bbox 1150 1195 1314 1269; x_wconf 89' lang='lat' dir='ltr'><strong>principium</strong></span> <span class='ocrx_word' id='word_1_89' title='bbox 1325 1196 1371 1251; x_wconf 93' lang='lat' dir='ltr'><strong>di·</strong></span> 
     </span>
     <span class='ocr_line' id='line_1_11' title="bbox 264 1280 1371 1355; baseline 0 -19"><span class='ocrx_word' id='word_1_90' title='bbox 264 1280 390 1336; x_wconf 81' lang='lat' dir='ltr'><strong>rectionis</strong></span> <span class='ocrx_word' id='word_1_91' title='bbox 401 1282 538 1355; x_wconf 88' lang='lat' dir='ltr'><strong>complens</strong></span> <span class='ocrx_word' id='word_1_92' title='bbox 549 1282 726 1336; x_wconf 85' lang='lat' dir='ltr'><strong>materialiter</strong></span> <span class='ocrx_word' id='word_1_93' title='bbox 743 1281 912 1337; x_wconf 80' lang='lat' dir='ltr'><strong>nativitatem</strong></span> <span class='ocrx_word' id='word_1_94' title='bbox 930 1283 1034 1355; x_wconf 81' lang='lat' dir='ltr'><strong>agentis</strong></span> <span class='ocrx_word' id='word_1_95' title='bbox 1050 1283 1081 1339; x_wconf 93' lang='lat' dir='ltr'><strong>in</strong></span> <span class='ocrx_word' id='word_1_96' title='bbox 1096 1283 1237 1338; x_wconf 74' lang='lat' dir='ltr'><strong>musarde.</strong></span> <span class='ocrx_word' id='word_1_97' title='bbox 1276 1281 1322 1338; x_wconf 86' lang='lat' dir='ltr'><strong>Sic</strong></span> <span class='ocrx_word' id='word_1_98' title='bbox 1339 1281 1371 1336; x_wconf 88' lang='lat' dir='ltr'><strong>in</strong></span> 
     </span>
     <span class='ocr_line' id='line_1_12' title="bbox 263 1367 1368 1442; baseline 0.002 -20"><span class='ocrx_word' id='word_1_99' title='bbox 263 1367 415 1422; x_wconf 62' lang='lat' dir='ltr'><strong>subeuntia</strong></span> <span class='ocrx_word' id='word_1_100' title='bbox 425 1368 559 1423; x_wconf 88' lang='lat' dir='ltr'><strong>materiali</strong></span> <span class='ocrx_word' id='word_1_101' title='bbox 570 1368 695 1424; x_wconf 78' lang='lat' dir='ltr'><strong>nativitas</strong></span> <span class='ocrx_word' id='word_1_102' title='bbox 706 1374 801 1442; x_wconf 87' lang='lat' dir='ltr'><strong>parata</strong></span> <span class='ocrx_word' id='word_1_103' title='bbox 812 1373 854 1424; x_wconf 90' lang='lat' dir='ltr'><strong>est</strong></span> <span class='ocrx_word' id='word_1_104' title='bbox 865 1370 900 1424; x_wconf 89' lang='lat' dir='ltr'><strong>ad</strong></span> <span class='ocrx_word' id='word_1_105' title='bbox 912 1369 1047 1442; x_wconf 77' lang='lat' dir='ltr'><strong>agendum</strong></span> <span class='ocrx_word' id='word_1_106' title='bbox 1059 1389 1076 1423; x_wconf 84' lang='lat' dir='ltr'><strong>a</strong></span> <span class='ocrx_word' id='word_1_107' title='bbox 1088 1375 1175 1424; x_wconf 70' lang='lat' dir='ltr'><strong>censo</strong></span> <span class='ocrx_word' id='word_1_108' title='bbox 1186 1370 1214 1424; x_wconf 81' lang='lat' dir='ltr'><strong>ia</strong></span> <span class='ocrx_word' id='word_1_109' title='bbox 1224 1371 1368 1440; x_wconf 70' lang='lat' dir='ltr'><strong>spheram:</strong></span> 
     </span>
     <span class='ocr_line' id='line_1_13' title="bbox 264 1453 1370 1528; baseline 0.002 -20"><span class='ocrx_word' id='word_1_110' title='bbox 264 1453 317 1508; x_wconf 89' lang='lat' dir='ltr'><strong>hoc</strong></span> <span class='ocrx_word' id='word_1_111' title='bbox 330 1458 421 1508; x_wconf 90' lang='lat' dir='ltr'><strong>autem</strong></span> <span class='ocrx_word' id='word_1_112' title='bbox 433 1457 556 1508; x_wconf 89' lang='lat' dir='ltr'><strong>centrum</strong></span> <span class='ocrx_word' id='word_1_113' title='bbox 568 1454 724 1510; x_wconf 80' lang='lat' dir='ltr'><strong>directionis</strong></span> <span class='ocrx_word' id='word_1_114' title='bbox 737 1459 778 1509; x_wconf 89' lang='lat' dir='ltr'><strong>est</strong></span> <span class='ocrx_word' id='word_1_115' title='bbox 788 1454 859 1510; x_wconf 91' lang='lat' dir='ltr'><strong>illud</strong></span> <span class='ocrx_word' id='word_1_116' title='bbox 870 1455 943 1510; x_wconf 88' lang='lat' dir='ltr'><strong>idem</strong></span> <span class='ocrx_word' id='word_1_117' title='bbox 954 1460 1095 1528; x_wconf 87' lang='lat' dir='ltr'><strong>punctum,</strong></span> <span class='ocrx_word' id='word_1_118' title='bbox 1108 1455 1138 1511; x_wconf 91' lang='lat' dir='ltr'><strong>iu</strong></span> <span class='ocrx_word' id='word_1_119' title='bbox 1150 1473 1204 1528; x_wconf 88' lang='lat' dir='ltr'><strong>quo</strong></span> <span class='ocrx_word' id='word_1_120' title='bbox 1216 1455 1370 1510; x_wconf 83' lang='lat' dir='ltr'><strong>substantie</strong></span> 
     </span>
     <span class='ocr_line' id='line_1_14' title="bbox 263 1539 1370 1613; baseline 0.002 -17"><span class='ocrx_word' id='word_1_121' title='bbox 263 1539 411 1596; x_wconf 80' lang='lat' dir='ltr'><strong>materialis</strong></span> <span class='ocrx_word' id='word_1_122' title='bbox 422 1540 520 1613; x_wconf 88' lang='lat' dir='ltr'><strong>recipit</strong></span> <span class='ocrx_word' id='word_1_123' title='bbox 531 1540 664 1596; x_wconf 89' lang='lat' dir='ltr'><strong>actionem</strong></span> <span class='ocrx_word' id='word_1_124' title='bbox 682 1541 814 1597; x_wconf 90' lang='lat' dir='ltr'><strong>motivam</strong></span> <span class='ocrx_word' id='word_1_125' title='bbox 831 1541 865 1596; x_wconf 90' lang='lat' dir='ltr'><strong>ab</strong></span> <span class='ocrx_word' id='word_1_126' title='bbox 884 1542 1043 1599; x_wconf 83' lang='lat' dir='ltr'><strong>extrinseco.</strong></span> <span class='ocrx_word' id='word_1_127' title='bbox 1080 1542 1166 1597; x_wconf 75' lang='lat' dir='ltr'><strong>Cuius</strong></span> <span class='ocrx_word' id='word_1_128' title='bbox 1182 1543 1221 1598; x_wconf 91' lang='lat' dir='ltr'><strong>rei</strong></span> <span class='ocrx_word' id='word_1_129' title='bbox 1238 1543 1307 1596; x_wconf 89' lang='lat' dir='ltr'><strong>ratio</strong></span> <span class='ocrx_word' id='word_1_130' title='bbox 1326 1546 1370 1598; x_wconf 83' lang='lat' dir='ltr'><strong>eat</strong></span> 
     </span>
     <span class='ocr_line' id='line_1_15' title="bbox 261 1625 1368 1701; baseline 0.003 -21"><span class='ocrx_word' id='word_1_131' title='bbox 261 1625 389 1695; x_wconf 71' lang='lat' dir='ltr'><strong>evidens,</strong></span> <span class='ocrx_word' id='word_1_132' title='bbox 407 1643 471 1680; x_wconf 91' lang='lat' dir='ltr'><strong>nam</strong></span> <span class='ocrx_word' id='word_1_133' title='bbox 479 1643 565 1698; x_wconf 88' lang='lat' dir='ltr'><strong>quum</strong></span> <span class='ocrx_word' id='word_1_134' title='bbox 576 1626 688 1682; x_wconf 87' lang='lat' dir='ltr'><strong>directio</strong></span> <span class='ocrx_word' id='word_1_135' title='bbox 700 1628 737 1682; x_wconf 92' lang='lat' dir='ltr'><strong>sit</strong></span> <span class='ocrx_word' id='word_1_136' title='bbox 747 1645 765 1683; x_wconf 88' lang='lat' dir='ltr'><strong>a</strong></span> <span class='ocrx_word' id='word_1_137' title='bbox 776 1633 877 1700; x_wconf 92' lang='lat' dir='ltr'><strong>puncto</strong></span> <span class='ocrx_word' id='word_1_138' title='bbox 888 1627 924 1683; x_wconf 89' lang='lat' dir='ltr'><strong>ad</strong></span> <span class='ocrx_word' id='word_1_139' title='bbox 935 1633 1076 1700; x_wconf 87' lang='lat' dir='ltr'><strong>puuctum,</strong></span> <span class='ocrx_word' id='word_1_140' title='bbox 1083 1628 1154 1684; x_wconf 87' lang='lat' dir='ltr'><strong>siout</strong></span> <span class='ocrx_word' id='word_1_141' title='bbox 1164 1646 1183 1683; x_wconf 88' lang='lat' dir='ltr'><strong>a</strong></span> <span class='ocrx_word' id='word_1_142' title='bbox 1192 1633 1292 1701; x_wconf 86' lang='lat' dir='ltr'><strong>puncto</strong></span> <span class='ocrx_word' id='word_1_143' title='bbox 1304 1646 1368 1701; x_wconf 90' lang='lat' dir='ltr'><strong>pro·</strong></span> 
     </span>
     <span class='ocr_line' id='line_1_16' title="bbox 261 1711 1368 1788; baseline 0.002 -20"><span class='ocrx_word' id='word_1_144' title='bbox 261 1712 335 1768; x_wconf 80' lang='lat' dir='ltr'><strong>cedit</strong></span> <span class='ocrx_word' id='word_1_145' title='bbox 347 1711 426 1782; x_wconf 89' lang='lat' dir='ltr'><strong>sotio,</strong></span> <span class='ocrx_word' id='word_1_146' title='bbox 438 1712 478 1768; x_wconf 85' lang='lat' dir='ltr'><strong>ita</strong></span> <span class='ocrx_word' id='word_1_147' title='bbox 489 1713 524 1767; x_wconf 90' lang='lat' dir='ltr'><strong>ad</strong></span> <span class='ocrx_word' id='word_1_148' title='bbox 535 1719 667 1785; x_wconf 91' lang='lat' dir='ltr'><strong>punctum</strong></span> <span class='ocrx_word' id='word_1_149' title='bbox 678 1715 848 1784; x_wconf 89' lang='lat' dir='ltr'><strong>terminatur,</strong></span> <span class='ocrx_word' id='word_1_150' title='bbox 860 1732 909 1770; x_wconf 92' lang='lat' dir='ltr'><strong>seu</strong></span> <span class='ocrx_word' id='word_1_151' title='bbox 925 1714 956 1770; x_wconf 91' lang='lat' dir='ltr'><strong>in</strong></span> <span class='ocrx_word' id='word_1_152' title='bbox 967 1720 1067 1788; x_wconf 88' lang='lat' dir='ltr'><strong>puncto</strong></span> <span class='ocrx_word' id='word_1_153' title='bbox 1084 1714 1220 1787; x_wconf 86' lang='lat' dir='ltr'><strong>recipitur.</strong></span> <span class='ocrx_word' id='word_1_154' title='bbox 1256 1715 1291 1768; x_wconf 85' lang='lat' dir='ltr'><strong>Iu</strong></span> <span class='ocrx_word' id='word_1_155' title='bbox 1302 1714 1368 1770; x_wconf 89' lang='lat' dir='ltr'><strong>sub·</strong></span> 
     </span>
     <span class='ocr_line' id='line_1_17' title="bbox 260 1799 1367 1876; baseline 0.002 -23"><span class='ocrx_word' id='word_1_156' title='bbox 260 1800 362 1854; x_wconf 83' lang='lat' dir='ltr'><strong>stantia</strong></span> <span class='ocrx_word' id='word_1_157' title='bbox 370 1799 504 1872; x_wconf 84' lang='lat' dir='ltr'><strong>spirituali</strong></span> <span class='ocrx_word' id='word_1_158' title='bbox 511 1801 665 1856; x_wconf 91' lang='lat' dir='ltr'><strong>intellectus</strong></span> <span class='ocrx_word' id='word_1_159' title='bbox 676 1803 808 1875; x_wconf 86' lang='lat' dir='ltr'><strong>passivus,</strong></span> <span class='ocrx_word' id='word_1_160' title='bbox 821 1801 851 1856; x_wconf 88' lang='lat' dir='ltr'><strong>in</strong></span> <span class='ocrx_word' id='word_1_161' title='bbox 862 1819 915 1874; x_wconf 92' lang='lat' dir='ltr'><strong>quo</strong></span> <span class='ocrx_word' id='word_1_162' title='bbox 922 1801 1088 1876; x_wconf 88' lang='lat' dir='ltr'><strong>recipiuntur</strong></span> <span class='ocrx_word' id='word_1_163' title='bbox 1097 1801 1199 1873; x_wconf 84' lang='lat' dir='ltr'><strong>speeies</strong></span> <span class='ocrx_word' id='word_1_164' title='bbox 1207 1799 1241 1856; x_wconf 88' lang='lat' dir='ltr'><strong>ab</strong></span> <span class='ocrx_word' id='word_1_165' title='bbox 1254 1799 1367 1855; x_wconf 87' lang='lat' dir='ltr'><strong>obiectis</strong></span> 
     </span>
     <span class='ocr_line' id='line_1_18' title="bbox 259 1886 1365 1961; baseline -0.002 -17"><span class='ocrx_word' id='word_1_166' title='bbox 259 1886 405 1961; x_wconf 72' lang='lat' dir='ltr'><strong>impressas,</strong></span> <span class='ocrx_word' id='word_1_167' title='bbox 417 1891 460 1942; x_wconf 91' lang='lat' dir='ltr'><strong>est</strong></span> <span class='ocrx_word' id='word_1_168' title='bbox 471 1887 670 1959; x_wconf 86' lang='lat' dir='ltr'><strong>quodammodo</strong></span> <span class='ocrx_word' id='word_1_169' title='bbox 682 1893 806 1944; x_wconf 67' lang='lat' dir='ltr'><strong>connum</strong></span> <span class='ocrx_word' id='word_1_170' title='bbox 819 1887 975 1943; x_wconf 79' lang='lat' dir='ltr'><strong>directionis</strong></span> <span class='ocrx_word' id='word_1_171' title='bbox 987 1888 1017 1942; x_wconf 94' lang='lat' dir='ltr'><strong>in</strong></span> <span class='ocrx_word' id='word_1_172' title='bbox 1029 1887 1159 1942; x_wconf 89' lang='lat' dir='ltr'><strong>intuendo</strong></span> <span class='ocrx_word' id='word_1_173' title='bbox 1171 1887 1365 1959; x_wconf 83' lang='lat' dir='ltr'><strong>intelligibilia,</strong></span> 
     </span>
     <span class='ocr_line' id='line_1_19' title="bbox 259 1972 1365 2047; baseline 0.002 -20"><span class='ocrx_word' id='word_1_174' title='bbox 259 1973 324 2045; x_wconf 86' lang='lat' dir='ltr'><strong>quia</strong></span> <span class='ocrx_word' id='word_1_175' title='bbox 334 1972 421 2028; x_wconf 89' lang='lat' dir='ltr'><strong>virtus</strong></span> <span class='ocrx_word' id='word_1_176' title='bbox 432 1972 562 2030; x_wconf 91' lang='lat' dir='ltr'><strong>intuitiva</strong></span> <span class='ocrx_word' id='word_1_177' title='bbox 577 1973 673 2047; x_wconf 79' lang='lat' dir='ltr'><strong>dirigit</strong></span> <span class='ocrx_word' id='word_1_178' title='bbox 689 1974 864 2030; x_wconf 86' lang='lat' dir='ltr'><strong>intuitionem</strong></span> <span class='ocrx_word' id='word_1_179' title='bbox 881 1991 898 2030; x_wconf 91' lang='lat' dir='ltr'><strong>a</strong></span> <span class='ocrx_word' id='word_1_180' title='bbox 914 1991 963 2029; x_wconf 90' lang='lat' dir='ltr'><strong>suo</strong></span> <span class='ocrx_word' id='word_1_181' title='bbox 981 1973 1101 2029; x_wconf 90' lang='lat' dir='ltr'><strong>subiecto</strong></span> <span class='ocrx_word' id='word_1_182' title='bbox 1119 1973 1154 2028; x_wconf 91' lang='lat' dir='ltr'><strong>ad</strong></span> <span class='ocrx_word' id='word_1_183' title='bbox 1165 1973 1270 2045; x_wconf 86' lang='lat' dir='ltr'><strong>aliquid</strong></span> <span class='ocrx_word' id='word_1_184' title='bbox 1282 1974 1365 2044; x_wconf 83' lang='lat' dir='ltr'><strong>alind,</strong></span> 
     </span>
     <span class='ocr_line' id='line_1_20' title="bbox 258 2059 1366 2133; baseline 0.002 -20"><span class='ocrx_word' id='word_1_185' title='bbox 258 2063 398 2131; x_wconf 86' lang='lat' dir='ltr'><strong>tamquam</strong></span> <span class='ocrx_word' id='word_1_186' title='bbox 416 2078 435 2115; x_wconf 88' lang='lat' dir='ltr'><strong>a</strong></span> <span class='ocrx_word' id='word_1_187' title='bbox 451 2060 567 2116; x_wconf 86' lang='lat' dir='ltr'><strong>termino</strong></span> <span class='ocrx_word' id='word_1_188' title='bbox 588 2061 623 2115; x_wconf 85' lang='lat' dir='ltr'><strong>ad</strong></span> <span class='ocrx_word' id='word_1_189' title='bbox 643 2061 797 2131; x_wconf 91' lang='lat' dir='ltr'><strong>terminum,</strong></span> <span class='ocrx_word' id='word_1_190' title='bbox 818 2060 967 2117; x_wconf 90' lang='lat' dir='ltr'><strong>secuudum</strong></span> <span class='ocrx_word' id='word_1_191' title='bbox 985 2060 1058 2133; x_wconf 92' lang='lat' dir='ltr'><strong>quod</strong></span> <span class='ocrx_word' id='word_1_192' title='bbox 1078 2059 1252 2133; x_wconf 78' lang='lat' dir='ltr'><strong>intelligibile</strong></span> <span class='ocrx_word' id='word_1_193' title='bbox 1271 2066 1366 2117; x_wconf 91' lang='lat' dir='ltr'><strong>movet</strong></span> 
     </span>
     <span class='ocr_line' id='line_1_21' title="bbox 258 2146 1244 2221; baseline 0.006 -21"><span class='ocrx_word' id='word_1_194' title='bbox 258 2146 445 2219; x_wconf 82' lang='lat' dir='ltr'><strong>passivitatem</strong></span> <span class='ocrx_word' id='word_1_195' title='bbox 455 2146 569 2202; x_wconf 90' lang='lat' dir='ltr'><strong>subiecti</strong></span> <span class='ocrx_word' id='word_1_196' title='bbox 583 2147 645 2218; x_wconf 88' lang='lat' dir='ltr'><strong>(VI.</strong></span> <span class='ocrx_word' id='word_1_197' title='bbox 658 2166 684 2202; x_wconf 91' lang='lat' dir='ltr'><strong>n.</strong></span> <span class='ocrx_word' id='word_1_198' title='bbox 698 2148 755 2220; x_wconf 82' lang='lat'><strong>17).</strong></span> <span class='ocrx_word' id='word_1_199' title='bbox 1238 2209 1244 2221; x_wconf 58' lang='grc'><em>,</em></span> 
     </span>
    </p>

    <p class='ocr_par' dir='ltr' id='par_1_5' title="bbox 252 2233 1364 2914">
     <span class='ocr_line' id='line_1_22' title="bbox 292 2233 1364 2306; baseline 0.004 -20"><span class='ocrx_word' id='word_1_200' title='bbox 292 2233 442 2289; x_wconf 85' lang='lat' dir='ltr'><strong>Possivites</strong></span> <span class='ocrx_word' id='word_1_201' title='bbox 461 2234 582 2306; x_wconf 88' lang='lat' dir='ltr'><strong>sequitur</strong></span> <span class='ocrx_word' id='word_1_202' title='bbox 599 2233 748 2304; x_wconf 84' lang='lat' dir='ltr'><strong>materiam,</strong></span> <span class='ocrx_word' id='word_1_203' title='bbox 761 2235 833 2290; x_wconf 89' lang='lat' dir='ltr'><strong>sicut</strong></span> <span class='ocrx_word' id='word_1_204' title='bbox 852 2234 977 2291; x_wconf 86' lang='lat' dir='ltr'><strong>activites</strong></span> <span class='ocrx_word' id='word_1_205' title='bbox 993 2233 1123 2288; x_wconf 73' lang='lat' dir='ltr'><strong>formamr</strong></span> <span class='ocrx_word' id='word_1_206' title='bbox 1148 2234 1220 2289; x_wconf 91' lang='lat' dir='ltr'><strong>unde</strong></span> <span class='ocrx_word' id='word_1_207' title='bbox 1238 2234 1322 2290; x_wconf 88' lang='lat' dir='ltr'><strong>etiam</strong></span> <span class='ocrx_word' id='word_1_208' title='bbox 1333 2235 1364 2290; x_wconf 93' lang='lat' dir='ltr'><strong>in</strong></span> 
     </span>
     <span class='ocr_line' id='line_1_23' title="bbox 256 2319 1362 2395; baseline 0.002 -20"><span class='ocrx_word' id='word_1_209' title='bbox 256 2320 404 2393; x_wconf 88' lang='lat' dir='ltr'><strong>spiritibus,</strong></span> <span class='ocrx_word' id='word_1_210' title='bbox 416 2320 464 2374; x_wconf 93' lang='lat' dir='ltr'><strong>ubi</strong></span> <span class='ocrx_word' id='word_1_211' title='bbox 477 2338 531 2374; x_wconf 88' lang='lat' dir='ltr'><strong>non</strong></span> <span class='ocrx_word' id='word_1_212' title='bbox 544 2326 586 2376; x_wconf 89' lang='lat' dir='ltr'><strong>est</strong></span> <span class='ocrx_word' id='word_1_213' title='bbox 597 2321 711 2375; x_wconf 86' lang='lat' dir='ltr'><strong>materia</strong></span> <span class='ocrx_word' id='word_1_214' title='bbox 726 2321 832 2395; x_wconf 84' lang='lat' dir='ltr'><strong>proprie</strong></span> <span class='ocrx_word' id='word_1_215' title='bbox 849 2321 931 2391; x_wconf 86' lang='lat' dir='ltr'><strong>diota,</strong></span> <span class='ocrx_word' id='word_1_216' title='bbox 949 2320 1093 2394; x_wconf 78' lang='lat' dir='ltr'><strong>passivitas</strong></span> <span class='ocrx_word' id='word_1_217' title='bbox 1111 2319 1213 2376; x_wconf 89' lang='lat' dir='ltr'><strong>dicitur</strong></span> <span class='ocrx_word' id='word_1_218' title='bbox 1228 2321 1362 2393; x_wconf 82' lang='lat' dir='ltr'><strong>pertinere</strong></span> 
     </span>
     <span class='ocr_line' id='line_1_24' title="bbox 256 2406 1362 2480; baseline 0 -18"><span class='ocrx_word' id='word_1_219' title='bbox 256 2408 291 2462; x_wconf 91' lang='lat' dir='ltr'><strong>ad</strong></span> <span class='ocrx_word' id='word_1_220' title='bbox 303 2408 439 2462; x_wconf 77' lang='lat' dir='ltr'><strong>materiale</strong></span> <span class='ocrx_word' id='word_1_221' title='bbox 450 2407 528 2477; x_wconf 87' lang='lat' dir='ltr'><strong>entis,</strong></span> <span class='ocrx_word' id='word_1_222' title='bbox 542 2412 570 2461; x_wconf 89' lang='lat' dir='ltr'><strong>et</strong></span> <span class='ocrx_word' id='word_1_223' title='bbox 581 2406 708 2463; x_wconf 85' lang='lat' dir='ltr'><strong>activites</strong></span> <span class='ocrx_word' id='word_1_224' title='bbox 725 2407 888 2480; x_wconf 69' lang='lat' dir='ltr'><strong>adsownole.</strong></span> <span class='ocrx_word' id='word_1_225' title='bbox 925 2407 999 2462; x_wconf 84' lang='lat' dir='ltr'><strong>Hine</strong></span> <span class='ocrx_word' id='word_1_226' title='bbox 1011 2407 1155 2480; x_wconf 81' lang='lat' dir='ltr'><strong>passivitas</strong></span> <span class='ocrx_word' id='word_1_227' title='bbox 1167 2413 1209 2463; x_wconf 90' lang='lat' dir='ltr'><strong>est</strong></span> <span class='ocrx_word' id='word_1_228' title='bbox 1223 2407 1253 2462; x_wconf 91' lang='lat' dir='ltr'><strong>id</strong></span> <span class='ocrx_word' id='word_1_229' title='bbox 1264 2424 1362 2464; x_wconf 89' lang='lat' dir='ltr'><strong>secun-</strong></span> 
     </span>
     <span class='ocr_line' id='line_1_25' title="bbox 254 2493 1361 2566; baseline 0.002 -18"><span class='ocrx_word' id='word_1_230' title='bbox 254 2493 322 2548; x_wconf 89' lang='lat' dir='ltr'><strong>dum</strong></span> <span class='ocrx_word' id='word_1_231' title='bbox 334 2493 407 2566; x_wconf 90' lang='lat' dir='ltr'><strong>quod</strong></span> <span class='ocrx_word' id='word_1_232' title='bbox 419 2511 497 2548; x_wconf 80' lang='lat' dir='ltr'><strong>cansa</strong></span> <span class='ocrx_word' id='word_1_233' title='bbox 508 2494 651 2548; x_wconf 58' lang='lat' dir='ltr'><strong>monetale</strong></span> <span class='ocrx_word' id='word_1_234' title='bbox 665 2511 713 2548; x_wconf 88' lang='lat' dir='ltr'><strong>suo</strong></span> <span class='ocrx_word' id='word_1_235' title='bbox 729 2495 810 2550; x_wconf 92' lang='lat' dir='ltr'><strong>modo</strong></span> <span class='ocrx_word' id='word_1_236' title='bbox 826 2499 919 2550; x_wconf 85' lang='lat' dir='ltr'><strong>causat</strong></span> <span class='ocrx_word' id='word_1_237' title='bbox 931 2493 1065 2562; x_wconf 87' lang='lat' dir='ltr'><strong>effectum,</strong></span> <span class='ocrx_word' id='word_1_238' title='bbox 1076 2511 1131 2548; x_wconf 92' lang='lat' dir='ltr'><strong>nou</strong></span> <span class='ocrx_word' id='word_1_239' title='bbox 1150 2511 1226 2550; x_wconf 90' lang='lat' dir='ltr'><strong>secus</strong></span> <span class='ocrx_word' id='word_1_240' title='bbox 1244 2512 1275 2550; x_wconf 88' lang='lat' dir='ltr'><strong>ac</strong></span> <span class='ocrx_word' id='word_1_241' title='bbox 1290 2495 1361 2550; x_wconf 91' lang='lat' dir='ltr'><strong>acti·</strong></span> 
     </span>
     <span class='ocr_line' id='line_1_26' title="bbox 254 2579 1361 2653; baseline 0.001 -17"><span class='ocrx_word' id='word_1_242' title='bbox 254 2579 326 2636; x_wconf 90' lang='lat' dir='ltr'><strong>vitas</strong></span> <span class='ocrx_word' id='word_1_243' title='bbox 338 2585 379 2635; x_wconf 90' lang='lat' dir='ltr'><strong>est</strong></span> <span class='ocrx_word' id='word_1_244' title='bbox 387 2580 416 2634; x_wconf 90' lang='lat' dir='ltr'><strong>id</strong></span> <span class='ocrx_word' id='word_1_245' title='bbox 422 2597 471 2653; x_wconf 93' lang='lat' dir='ltr'><strong>per</strong></span> <span class='ocrx_word' id='word_1_246' title='bbox 478 2581 550 2653; x_wconf 87' lang='lat' dir='ltr'><strong>quod</strong></span> <span class='ocrx_word' id='word_1_247' title='bbox 562 2585 640 2634; x_wconf 79' lang='lat' dir='ltr'><strong>conae</strong></span> <span class='ocrx_word' id='word_1_248' title='bbox 651 2582 761 2652; x_wconf 66' lang='lat' dir='ltr'><strong>ffoiem</strong></span> <span class='ocrx_word' id='word_1_249' title='bbox 773 2585 866 2636; x_wconf 89' lang='lat' dir='ltr'><strong>causat</strong></span> <span class='ocrx_word' id='word_1_250' title='bbox 877 2597 964 2635; x_wconf 86' lang='lat' dir='ltr'><strong>suum.</strong></span> <span class='ocrx_word' id='word_1_251' title='bbox 1001 2579 1091 2645; x_wconf 79' lang='lat' dir='ltr'><strong>Quare</strong></span> <span class='ocrx_word' id='word_1_252' title='bbox 1103 2581 1243 2635; x_wconf 59' lang='lat' dir='ltr'><strong>amonem</strong></span> <span class='ocrx_word' id='word_1_253' title='bbox 1254 2598 1310 2635; x_wconf 90' lang='lat' dir='ltr'><strong>non</strong></span> <span class='ocrx_word' id='word_1_254' title='bbox 1318 2587 1361 2638; x_wconf 87' lang='lat' dir='ltr'><strong>est</strong></span> 
     </span>
     <span class='ocr_line' id='line_1_27' title="bbox 254 2665 1361 2740; baseline 0 -18"><span class='ocrx_word' id='word_1_255' title='bbox 254 2667 314 2740; x_wconf 89' lang='lat' dir='ltr'><strong>ipsa</strong></span> <span class='ocrx_word' id='word_1_256' title='bbox 330 2666 481 2740; x_wconf 87' lang='lat' dir='ltr'><strong>passivitas,</strong></span> <span class='ocrx_word' id='word_1_257' title='bbox 494 2667 541 2722; x_wconf 91' lang='lat' dir='ltr'><strong>sed</strong></span> <span class='ocrx_word' id='word_1_258' title='bbox 559 2666 712 2722; x_wconf 87' lang='lat' dir='ltr'><strong>substantia</strong></span> <span class='ocrx_word' id='word_1_259' title='bbox 728 2667 876 2722; x_wconf 86' lang='lat' dir='ltr'><strong>secuudum</strong></span> <span class='ocrx_word' id='word_1_260' title='bbox 892 2683 970 2721; x_wconf 89' lang='lat' dir='ltr'><strong>suam</strong></span> <span class='ocrx_word' id='word_1_261' title='bbox 983 2665 1179 2739; x_wconf 86' lang='lat' dir='ltr'><strong>passivitatem</strong></span> <span class='ocrx_word' id='word_1_262' title='bbox 1216 2667 1361 2739; x_wconf 89' lang='lat' dir='ltr'><strong>Proprium</strong></span> 
     </span>
     <span class='ocr_line' id='line_1_28' title="bbox 252 2753 1359 2826; baseline 0.002 -18"><span class='ocrx_word' id='word_1_263' title='bbox 252 2759 297 2808; x_wconf 90' lang='lat' dir='ltr'><strong>est</strong></span> <span class='ocrx_word' id='word_1_264' title='bbox 316 2753 402 2826; x_wconf 79' lang='lat' dir='ltr'><strong>igitur</strong></span> <span class='ocrx_word' id='word_1_265' title='bbox 419 2753 578 2810; x_wconf 77' lang='lat' dir='ltr'><strong>substantiae</strong></span> <span class='ocrx_word' id='word_1_266' title='bbox 599 2758 698 2810; x_wconf 86' lang='lat' dir='ltr'><strong>creatae</strong></span> <span class='ocrx_word' id='word_1_267' title='bbox 716 2771 768 2808; x_wconf 83' lang='lat' dir='ltr'><strong>ease</strong></span> <span class='ocrx_word' id='word_1_268' title='bbox 783 2754 951 2825; x_wconf 66' lang='lat' dir='ltr'><strong>acceptivam</strong></span> <span class='ocrx_word' id='word_1_269' title='bbox 964 2753 1103 2824; x_wconf 71' lang='lat' dir='ltr'><strong>pasees,</strong></span> <span class='ocrx_word' id='word_1_270' title='bbox 1121 2758 1150 2809; x_wconf 93' lang='lat' dir='ltr'><strong>et</strong></span> <span class='ocrx_word' id='word_1_271' title='bbox 1170 2753 1280 2826; x_wconf 89' lang='lat' dir='ltr'><strong>quidem</strong></span> <span class='ocrx_word' id='word_1_272' title='bbox 1300 2755 1359 2810; x_wconf 90' lang='lat' dir='ltr'><strong>sine</strong></span> 
     </span>
     <span class='ocr_line' id='line_1_29' title="bbox 254 2840 1131 2914; baseline -0.008 -17"><span class='ocrx_word' id='word_1_273' title='bbox 254 2840 344 2898; x_wconf 87' lang='lat' dir='ltr'><strong>limite</strong></span> <span class='ocrx_word' id='word_1_274' title='bbox 358 2841 435 2914; x_wconf 86' lang='lat' dir='ltr'>(VII.</span> <span class='ocrx_word' id='word_1_275' title='bbox 445 2859 471 2895; x_wconf 91' lang='lat' dir='ltr'><strong>n.</strong></span> <span class='ocrx_word' id='word_1_276' title='bbox 486 2841 542 2912; x_wconf 84' lang='lat'>76).</span> <span class='ocrx_word' id='word_1_277' title='bbox 1129 2863 1131 2868; x_wconf 96' lang='lat'>·</span> 
     </span>
    </p>

    <p class='ocr_par' dir='ltr' id='par_1_6' title="bbox 245 2925 1358 3866">
     <span class='ocr_line' id='line_1_30' title="bbox 287 2925 1358 3000; baseline 0.002 -18"><span class='ocrx_word' id='word_1_278' title='bbox 287 2927 330 2983; x_wconf 77' lang='lat'><strong>82.</strong></span> <span class='ocrx_word' id='word_1_279' title='bbox 349 2928 424 2983; x_wconf 92' lang='lat' dir='ltr'><strong>Dum</strong></span> <span class='ocrx_word' id='word_1_280' title='bbox 435 2927 586 2983; x_wconf 85' lang='lat' dir='ltr'><strong>substantia</strong></span> <span class='ocrx_word' id='word_1_281' title='bbox 597 2926 741 2983; x_wconf 89' lang='lat' dir='ltr'><strong>subiicitur</strong></span> <span class='ocrx_word' id='word_1_282' title='bbox 753 2925 854 2983; x_wconf 88' lang='lat' dir='ltr'><strong>actioni</strong></span> <span class='ocrx_word' id='word_1_283' title='bbox 870 2926 985 3000; x_wconf 72' lang='lat' dir='ltr'><strong>agentia</strong></span> <span class='ocrx_word' id='word_1_284' title='bbox 997 2927 1055 2982; x_wconf 89' lang='lat' dir='ltr'><strong>eius</strong></span> <span class='ocrx_word' id='word_1_285' title='bbox 1073 2926 1217 3000; x_wconf 88' lang='lat' dir='ltr'><strong>passivitas</strong></span> <span class='ocrx_word' id='word_1_286' title='bbox 1229 2927 1312 2984; x_wconf 88' lang='lat' dir='ltr'><strong>habet</strong></span> <span class='ocrx_word' id='word_1_287' title='bbox 1328 2945 1358 2984; x_wconf 89' lang='lat' dir='ltr'><strong>se</strong></span> 
     </span>
     <span class='ocr_line' id='line_1_31' title="bbox 250 3015 1357 3091; baseline 0.002 -19"><span class='ocrx_word' id='word_1_288' title='bbox 250 3022 284 3072; x_wconf 86' lang='lat' dir='ltr'><strong>ut</strong></span> <span class='ocrx_word' id='word_1_289' title='bbox 303 3034 382 3070; x_wconf 80' lang='lat' dir='ltr'><strong>caasa</strong></span> <span class='ocrx_word' id='word_1_290' title='bbox 401 3017 546 3071; x_wconf 68' lang='lat' dir='ltr'><strong>moteridis</strong></span> <span class='ocrx_word' id='word_1_291' title='bbox 565 3016 714 3091; x_wconf 83' lang='lat' dir='ltr'><strong>passionis:</strong></span> <span class='ocrx_word' id='word_1_292' title='bbox 740 3033 821 3088; x_wconf 83' lang='lat' dir='ltr'><strong>agens</strong></span> <span class='ocrx_word' id='word_1_293' title='bbox 836 3015 919 3072; x_wconf 83' lang='lat' dir='ltr'><strong>habet</strong></span> <span class='ocrx_word' id='word_1_294' title='bbox 936 3033 965 3071; x_wconf 89' lang='lat' dir='ltr'><strong>se</strong></span> <span class='ocrx_word' id='word_1_295' title='bbox 982 3021 1015 3070; x_wconf 91' lang='lat' dir='ltr'><strong>ut</strong></span> <span class='ocrx_word' id='word_1_296' title='bbox 1034 3033 1113 3070; x_wconf 79' lang='lat' dir='ltr'><strong>cauae</strong></span> <span class='ocrx_word' id='word_1_297' title='bbox 1124 3017 1240 3087; x_wconf 61' lang='lat' dir='ltr'><strong>fferam,</strong></span> <span class='ocrx_word' id='word_1_298' title='bbox 1253 3021 1282 3072; x_wconf 91' lang='lat' dir='ltr'><strong>et</strong></span> <span class='ocrx_word' id='word_1_299' title='bbox 1298 3016 1357 3090; x_wconf 84' lang='lat' dir='ltr'><strong>ipse</strong></span> 
     </span>
     <span class='ocr_line' id='line_1_32' title="bbox 250 3101 1357 3176; baseline 0.001 -17"><span class='ocrx_word' id='word_1_300' title='bbox 250 3107 336 3171; x_wconf 81' lang='lat' dir='ltr'><strong>actus,</strong></span> <span class='ocrx_word' id='word_1_301' title='bbox 344 3102 392 3173; x_wconf 90' lang='lat' dir='ltr'><strong>qui</strong></span> <span class='ocrx_word' id='word_1_302' title='bbox 402 3101 432 3156; x_wconf 92' lang='lat' dir='ltr'><strong>in</strong></span> <span class='ocrx_word' id='word_1_303' title='bbox 443 3102 601 3175; x_wconf 85' lang='lat' dir='ltr'><strong>passivitate</strong></span> <span class='ocrx_word' id='word_1_304' title='bbox 612 3101 748 3175; x_wconf 81' lang='lat' dir='ltr'><strong>recipitru,</strong></span> <span class='ocrx_word' id='word_1_305' title='bbox 759 3103 843 3158; x_wconf 89' lang='lat' dir='ltr'><strong>habet</strong></span> <span class='ocrx_word' id='word_1_306' title='bbox 854 3120 883 3158; x_wconf 91' lang='lat' dir='ltr'><strong>se</strong></span> <span class='ocrx_word' id='word_1_307' title='bbox 895 3106 927 3156; x_wconf 90' lang='lat' dir='ltr'><strong>ut</strong></span> <span class='ocrx_word' id='word_1_308' title='bbox 936 3121 1014 3156; x_wconf 74' lang='lat' dir='ltr'><strong>meaa</strong></span> <span class='ocrx_word' id='word_1_309' title='bbox 1024 3103 1158 3175; x_wconf 64' lang='lat' dir='ltr'><strong>sammaa</strong></span> <span class='ocrx_word' id='word_1_310' title='bbox 1195 3103 1242 3160; x_wconf 83' lang='lat' dir='ltr'><strong>Sic</strong></span> <span class='ocrx_word' id='word_1_311' title='bbox 1253 3104 1283 3159; x_wconf 92' lang='lat' dir='ltr'><strong>iu</strong></span> <span class='ocrx_word' id='word_1_312' title='bbox 1293 3121 1357 3176; x_wconf 89' lang='lat' dir='ltr'><strong>pro-</strong></span> 
     </span>
     <span class='ocr_line' id='line_1_33' title="bbox 251 3188 1356 3265; baseline 0.003 -21"><span class='ocrx_word' id='word_1_313' title='bbox 251 3188 379 3244; x_wconf 84' lang='lat' dir='ltr'><strong>ductione</strong></span> <span class='ocrx_word' id='word_1_314' title='bbox 395 3192 487 3242; x_wconf 89' lang='lat' dir='ltr'><strong>motus</strong></span> <span class='ocrx_word' id='word_1_315' title='bbox 503 3188 598 3243; x_wconf 84' lang='lat' dir='ltr'><strong>localis</strong></span> <span class='ocrx_word' id='word_1_316' title='bbox 615 3194 773 3242; x_wconf 75' lang='lat' dir='ltr'><strong>momentum</strong></span> <span class='ocrx_word' id='word_1_317' title='bbox 793 3189 832 3244; x_wconf 80' lang='lat' dir='ltr'><strong>os&#39;s</strong></span> <span class='ocrx_word' id='word_1_318' title='bbox 851 3189 881 3243; x_wconf 90' lang='lat' dir='ltr'><strong>iu</strong></span> <span class='ocrx_word' id='word_1_319' title='bbox 901 3188 1059 3261; x_wconf 88' lang='lat' dir='ltr'><strong>passivitate</strong></span> <span class='ocrx_word' id='word_1_320' title='bbox 1079 3189 1200 3246; x_wconf 77' lang='lat' dir='ltr'><strong>materia</strong></span> <span class='ocrx_word' id='word_1_321' title='bbox 1218 3197 1356 3265; x_wconf 90' lang='lat' dir='ltr'><strong>receptum</strong></span> 
     </span>
     <span class='ocr_line' id='line_1_34' title="bbox 250 3274 1355 3349; baseline 0.002 -18"><span class='ocrx_word' id='word_1_322' title='bbox 250 3274 333 3331; x_wconf 88' lang='lat' dir='ltr'><strong>hebet</strong></span> <span class='ocrx_word' id='word_1_323' title='bbox 345 3292 374 3328; x_wconf 91' lang='lat' dir='ltr'><strong>se</strong></span> <span class='ocrx_word' id='word_1_324' title='bbox 385 3278 418 3328; x_wconf 90' lang='lat' dir='ltr'><strong>ut</strong></span> <span class='ocrx_word' id='word_1_325' title='bbox 428 3274 647 3346; x_wconf 69' lang='lat' dir='ltr'><strong>oaaaosormalet,</strong></span> <span class='ocrx_word' id='word_1_326' title='bbox 659 3279 689 3329; x_wconf 91' lang='lat' dir='ltr'><strong>et</strong></span> <span class='ocrx_word' id='word_1_327' title='bbox 700 3275 836 3330; x_wconf 89' lang='lat' dir='ltr'><strong>evolvitur</strong></span> <span class='ocrx_word' id='word_1_328' title='bbox 842 3275 992 3330; x_wconf 88' lang='lat' dir='ltr'><strong>secundum</strong></span> <span class='ocrx_word' id='word_1_329' title='bbox 999 3277 1163 3348; x_wconf 59' lang='lat' dir='ltr'><strong>menam,</strong></span> <span class='ocrx_word' id='word_1_330' title='bbox 1171 3275 1202 3331; x_wconf 93' lang='lat' dir='ltr'><strong>in</strong></span> <span class='ocrx_word' id='word_1_331' title='bbox 1209 3294 1263 3349; x_wconf 88' lang='lat' dir='ltr'><strong>que</strong></span> <span class='ocrx_word' id='word_1_332' title='bbox 1271 3277 1355 3334; x_wconf 90' lang='lat' dir='ltr'><strong>habe·</strong></span> 
     </span>
     <span class='ocr_line' id='line_1_35' title="bbox 251 3361 1355 3435; baseline 0.003 -18"><span class='ocrx_word' id='word_1_333' title='bbox 251 3362 419 3434; x_wconf 79' lang='lat' dir='ltr'><strong>trusormale</strong></span> <span class='ocrx_word' id='word_1_334' title='bbox 427 3365 532 3416; x_wconf 86' lang='lat' dir='ltr'><strong>motus:</strong></span> <span class='ocrx_word' id='word_1_335' title='bbox 550 3361 693 3433; x_wconf 88' lang='lat' dir='ltr'><strong>passivitas</strong></span> <span class='ocrx_word' id='word_1_336' title='bbox 704 3380 768 3418; x_wconf 88' lang='lat' dir='ltr'><strong>vero</strong></span> <span class='ocrx_word' id='word_1_337' title='bbox 776 3362 898 3418; x_wconf 78' lang='lat' dir='ltr'><strong>materia</strong></span> <span class='ocrx_word' id='word_1_338' title='bbox 907 3361 1038 3435; x_wconf 87' lang='lat' dir='ltr'><strong>recipiens</strong></span> <span class='ocrx_word' id='word_1_339' title='bbox 1046 3364 1355 3420; x_wconf 88' lang='lat' dir='ltr'><strong>momentumvishebet</strong></span> 
     </span>
     <span class='ocr_line' id='line_1_36' title="bbox 249 3447 1353 3523; baseline 0 -17"><span class='ocrx_word' id='word_1_340' title='bbox 249 3449 382 3506; x_wconf 89' lang='lat' dir='ltr'><strong>rationem</strong></span> <span class='ocrx_word' id='word_1_341' title='bbox 394 3465 478 3502; x_wconf 79' lang='lat' dir='ltr'><strong>canace</strong></span> <span class='ocrx_word' id='word_1_342' title='bbox 489 3447 640 3518; x_wconf 63' lang='lat' dir='ltr'><strong>materialis,</strong></span> <span class='ocrx_word' id='word_1_343' title='bbox 652 3453 680 3503; x_wconf 90' lang='lat' dir='ltr'><strong>et</strong></span> <span class='ocrx_word' id='word_1_344' title='bbox 692 3453 816 3505; x_wconf 87' lang='lat' dir='ltr'><strong>actuatur</strong></span> <span class='ocrx_word' id='word_1_345' title='bbox 826 3449 855 3502; x_wconf 93' lang='lat' dir='ltr'><strong>in</strong></span> <span class='ocrx_word' id='word_1_346' title='bbox 873 3448 977 3504; x_wconf 87' lang='lat' dir='ltr'><strong>ratione</strong></span> <span class='ocrx_word' id='word_1_347' title='bbox 993 3449 1118 3504; x_wconf 65' lang='lat' dir='ltr'><strong>wiomadi</strong></span> <span class='ocrx_word' id='word_1_348' title='bbox 1128 3455 1219 3520; x_wconf 73' lang='lat' dir='ltr'><strong>motta</strong></span> <span class='ocrx_word' id='word_1_349' title='bbox 1237 3452 1310 3523; x_wconf 86' lang='lat' dir='ltr'><strong>quod</strong></span> <span class='ocrx_word' id='word_1_350' title='bbox 1324 3469 1353 3506; x_wconf 87' lang='lat' dir='ltr'><strong>ee</strong></span> 
     </span>
     <span class='ocr_line' id='line_1_37' title="bbox 248 3534 1353 3607; baseline 0.002 -17"><span class='ocrx_word' id='word_1_351' title='bbox 248 3535 352 3591; x_wconf 88' lang='lat' dir='ltr'><strong>evolvit</strong></span> <span class='ocrx_word' id='word_1_352' title='bbox 363 3535 512 3590; x_wconf 87' lang='lat' dir='ltr'><strong>seeundum</strong></span> <span class='ocrx_word' id='word_1_353' title='bbox 524 3534 695 3604; x_wconf 71' lang='lat' dir='ltr'><strong>directiones,</strong></span> <span class='ocrx_word' id='word_1_354' title='bbox 707 3534 737 3588; x_wconf 93' lang='lat' dir='ltr'><strong>in</strong></span> <span class='ocrx_word' id='word_1_355' title='bbox 748 3551 802 3607; x_wconf 88' lang='lat' dir='ltr'><strong>qua</strong></span> <span class='ocrx_word' id='word_1_356' title='bbox 818 3534 935 3590; x_wconf 88' lang='lat' dir='ltr'><strong>habetur</strong></span> <span class='ocrx_word' id='word_1_357' title='bbox 951 3536 1086 3590; x_wconf 60' lang='lat' dir='ltr'><strong>mamea</strong></span> <span class='ocrx_word' id='word_1_358' title='bbox 1103 3542 1194 3591; x_wconf 78' lang='lat' dir='ltr'><strong>osotssa</strong></span> <span class='ocrx_word' id='word_1_359' title='bbox 1231 3537 1276 3591; x_wconf 82' lang='lat' dir='ltr'><strong>Ex</strong></span> <span class='ocrx_word' id='word_1_360' title='bbox 1287 3554 1353 3592; x_wconf 88' lang='lat' dir='ltr'><strong>con-</strong></span> 
     </span>
     <span class='ocr_line' id='line_1_38' title="bbox 245 3619 1351 3696; baseline 0 -18"><span class='ocrx_word' id='word_1_361' title='bbox 245 3621 395 3696; x_wconf 87' lang='lat' dir='ltr'><strong>spiratione</strong></span> <span class='ocrx_word' id='word_1_362' title='bbox 407 3637 471 3677; x_wconf 88' lang='lat' dir='ltr'><strong>vero</strong></span> <span class='ocrx_word' id='word_1_363' title='bbox 482 3619 635 3676; x_wconf 85' lang='lat' dir='ltr'><strong>velocitatis</strong></span> <span class='ocrx_word' id='word_1_364' title='bbox 647 3625 675 3675; x_wconf 89' lang='lat' dir='ltr'><strong>et</strong></span> <span class='ocrx_word' id='word_1_365' title='bbox 686 3620 851 3692; x_wconf 88' lang='lat' dir='ltr'><strong>directionis,</strong></span> <span class='ocrx_word' id='word_1_366' title='bbox 863 3625 1003 3693; x_wconf 88' lang='lat' dir='ltr'><strong>tamquam</strong></span> <span class='ocrx_word' id='word_1_367' title='bbox 1015 3639 1049 3676; x_wconf 85' lang='lat' dir='ltr'><strong>ex</strong></span> <span class='ocrx_word' id='word_1_368' title='bbox 1057 3621 1165 3676; x_wconf 86' lang='lat' dir='ltr'><strong>formali</strong></span> <span class='ocrx_word' id='word_1_369' title='bbox 1173 3627 1201 3678; x_wconf 89' lang='lat' dir='ltr'><strong>et</strong></span> <span class='ocrx_word' id='word_1_370' title='bbox 1209 3623 1351 3694; x_wconf 82' lang='lat' dir='ltr'><strong>materiali,</strong></span> 
     </span>
     <span class='ocr_line' id='line_1_39' title="bbox 246 3707 1352 3782; baseline 0.001 -17"><span class='ocrx_word' id='word_1_371' title='bbox 246 3709 360 3765; x_wconf 88' lang='lat' dir='ltr'><strong>resultat</strong></span> <span class='ocrx_word' id='word_1_372' title='bbox 370 3708 457 3762; x_wconf 77' lang='lat' dir='ltr'><strong>auitos</strong></span> <span class='ocrx_word' id='word_1_373' title='bbox 468 3713 552 3761; x_wconf 70' lang='lat' dir='ltr'><strong>motio</strong></span> <span class='ocrx_word' id='word_1_374' title='bbox 564 3707 681 3778; x_wconf 63' lang='lat' dir='ltr'><strong>mactra</strong></span> <span class='ocrx_word' id='word_1_375' title='bbox 693 3707 789 3762; x_wconf 89' lang='lat' dir='ltr'><strong>eodem</strong></span> <span class='ocrx_word' id='word_1_376' title='bbox 800 3707 881 3762; x_wconf 92' lang='lat' dir='ltr'><strong>modo</strong></span> <span class='ocrx_word' id='word_1_377' title='bbox 893 3723 946 3778; x_wconf 93' lang='lat' dir='ltr'><strong>quo</strong></span> <span class='ocrx_word' id='word_1_378' title='bbox 958 3725 993 3762; x_wconf 83' lang='lat' dir='ltr'><strong>ex</strong></span> <span class='ocrx_word' id='word_1_379' title='bbox 1010 3711 1075 3763; x_wconf 86' lang='lat' dir='ltr'><strong>actu</strong></span> <span class='ocrx_word' id='word_1_380' title='bbox 1092 3714 1121 3764; x_wconf 92' lang='lat' dir='ltr'><strong>et</strong></span> <span class='ocrx_word' id='word_1_381' title='bbox 1131 3709 1254 3782; x_wconf 87' lang='lat' dir='ltr'><strong>potentia</strong></span> <span class='ocrx_word' id='word_1_382' title='bbox 1264 3711 1352 3766; x_wconf 87' lang='lat' dir='ltr'><strong>resul-</strong></span> 
     </span>
     <span class='ocr_line' id='line_1_40' title="bbox 246 3791 992 3866; baseline -0.004 -14"><span class='ocrx_word' id='word_1_383' title='bbox 246 3800 289 3853; x_wconf 90' lang='lat' dir='ltr'><strong>tat</strong></span> <span class='ocrx_word' id='word_1_384' title='bbox 300 3795 389 3850; x_wconf 87' lang='lat' dir='ltr'><strong>unites</strong></span> <span class='ocrx_word' id='word_1_385' title='bbox 402 3793 546 3850; x_wconf 74' lang='lat' dir='ltr'><strong>cruralibet</strong></span> <span class='ocrx_word' id='word_1_386' title='bbox 557 3791 667 3848; x_wconf 88' lang='lat' dir='ltr'><strong>alterius</strong></span> <span class='ocrx_word' id='word_1_387' title='bbox 679 3792 750 3847; x_wconf 89' lang='lat' dir='ltr'><strong>entis</strong></span> <span class='ocrx_word' id='word_1_388' title='bbox 764 3792 829 3865; x_wconf 88' lang='lat'>(111.</span> <span class='ocrx_word' id='word_1_389' title='bbox 842 3811 869 3848; x_wconf 90' lang='lat' dir='ltr'><strong>u.</strong></span> <span class='ocrx_word' id='word_1_390' title='bbox 883 3793 992 3866; x_wconf 80' lang='lat'>72-74).</span> 
     </span>
    </p>

    <p class='ocr_par' dir='ltr' id='par_1_7' title="bbox 243 3879 1350 4304">
     <span class='ocr_line' id='line_1_41' title="bbox 282 3879 1349 3956; baseline 0.001 -18"><span class='ocrx_word' id='word_1_391' title='bbox 282 3884 324 3938; x_wconf 87' lang='lat'><strong>83.</strong></span> <span class='ocrx_word' id='word_1_392' title='bbox 343 3882 418 3937; x_wconf 90' lang='lat' dir='ltr'><strong>Hinc</strong></span> <span class='ocrx_word' id='word_1_393' title='bbox 430 3885 540 3953; x_wconf 85' lang='lat' dir='ltr'><strong>apparet</strong></span> <span class='ocrx_word' id='word_1_394' title='bbox 552 3879 609 3935; x_wconf 81' lang='lat' dir='ltr'><strong>deri</strong></span> <span class='ocrx_word' id='word_1_395' title='bbox 621 3880 799 3956; x_wconf 73' lang='lat' dir='ltr'><strong>camolitotem</strong></span> <span class='ocrx_word' id='word_1_396' title='bbox 803 3882 949 3954; x_wconf 67' lang='lat' dir='ltr'><strong>jornalem</strong></span> <span class='ocrx_word' id='word_1_397' title='bbox 960 3886 988 3936; x_wconf 95' lang='lat' dir='ltr'><strong>et</strong></span> <span class='ocrx_word' id='word_1_398' title='bbox 995 3882 1172 3937; x_wconf 69' lang='lat' dir='ltr'><strong>comaldatem</strong></span> <span class='ocrx_word' id='word_1_399' title='bbox 1181 3883 1349 3940; x_wconf 70' lang='lat' dir='ltr'><strong>mmeriahm.</strong></span> 
     </span>
     <span class='ocr_line' id='line_1_42' title="bbox 247 3967 1350 4042; baseline -0.002 -15"><span class='ocrx_word' id='word_1_400' title='bbox 247 3971 337 4027; x_wconf 78' lang='lat' dir='ltr'><strong>Causa</strong></span> <span class='ocrx_word' id='word_1_401' title='bbox 348 3968 469 4025; x_wconf 87' lang='lat' dir='ltr'><strong>formalis</strong></span> <span class='ocrx_word' id='word_1_402' title='bbox 485 3967 567 4038; x_wconf 77' lang='lat' dir='ltr'><strong>estid</strong></span> <span class='ocrx_word' id='word_1_403' title='bbox 583 3985 633 4038; x_wconf 82' lang='lat' dir='ltr'><strong>qao</strong></span> <span class='ocrx_word' id='word_1_404' title='bbox 649 3967 806 4022; x_wconf 68' lang='lat' dir='ltr'><strong>decurrere·</strong></span> <span class='ocrx_word' id='word_1_405' title='bbox 821 3968 930 4022; x_wconf 61' lang='lat' dir='ltr'><strong>sabano</strong></span> <span class='ocrx_word' id='word_1_406' title='bbox 948 3969 1055 4040; x_wconf 77' lang='lat' dir='ltr'><strong>aliquod</strong></span> <span class='ocrx_word' id='word_1_407' title='bbox 1071 3987 1122 4024; x_wconf 81' lang='lat' dir='ltr'><strong>esse</strong></span> <span class='ocrx_word' id='word_1_408' title='bbox 1140 3971 1350 4042; x_wconf 77' lang='lat' dir='ltr'><strong>determinatam,</strong></span> 
     </span>
     <span class='ocr_line' id='line_1_43' title="bbox 245 4051 1350 4128; baseline 0.001 -15"><span class='ocrx_word' id='word_1_409' title='bbox 245 4056 379 4113; x_wconf 86' lang='lat' dir='ltr'><strong>aetuando</strong></span> <span class='ocrx_word' id='word_1_410' title='bbox 398 4055 456 4110; x_wconf 91' lang='lat' dir='ltr'><strong>eius</strong></span> <span class='ocrx_word' id='word_1_411' title='bbox 471 4051 623 4127; x_wconf 88' lang='lat' dir='ltr'><strong>potentiam</strong></span> <span class='ocrx_word' id='word_1_412' title='bbox 636 4052 789 4127; x_wconf 88' lang='lat' dir='ltr'><strong>passivam:</strong></span> <span class='ocrx_word' id='word_1_413' title='bbox 809 4071 891 4109; x_wconf 88' lang='lat' dir='ltr'><strong>causa</strong></span> <span class='ocrx_word' id='word_1_414' title='bbox 906 4055 1053 4110; x_wconf 81' lang='lat' dir='ltr'><strong>materialis</strong></span> <span class='ocrx_word' id='word_1_415' title='bbox 1071 4059 1114 4110; x_wconf 93' lang='lat' dir='ltr'><strong>est</strong></span> <span class='ocrx_word' id='word_1_416' title='bbox 1130 4057 1160 4110; x_wconf 78' lang='lat' dir='ltr'><strong>id</strong></span> <span class='ocrx_word' id='word_1_417' title='bbox 1174 4057 1244 4127; x_wconf 80' lang='lat' dir='ltr'><strong>qaod</strong></span> <span class='ocrx_word' id='word_1_418' title='bbox 1258 4058 1350 4128; x_wconf 70' lang='lat' dir='ltr'><strong>recapit</strong></span> 
     </span>
     <span class='ocr_line' id='line_1_44' title="bbox 244 4139 1350 4216; baseline 0 -18"><span class='ocrx_word' id='word_1_419' title='bbox 244 4143 448 4198; x_wconf 78' lang='lat' dir='ltr'><strong>determinatam</strong></span> <span class='ocrx_word' id='word_1_420' title='bbox 459 4159 510 4195; x_wconf 82' lang='lat' dir='ltr'><strong>esee</strong></span> <span class='ocrx_word' id='word_1_421' title='bbox 523 4157 539 4194; x_wconf 88' lang='lat' dir='ltr'><strong>a</strong></span> <span class='ocrx_word' id='word_1_422' title='bbox 550 4156 631 4195; x_wconf 88' lang='lat' dir='ltr'><strong>causa</strong></span> <span class='ocrx_word' id='word_1_423' title='bbox 641 4139 765 4210; x_wconf 85' lang='lat' dir='ltr'><strong>formeli;</strong></span> <span class='ocrx_word' id='word_1_424' title='bbox 791 4139 863 4195; x_wconf 89' lang='lat' dir='ltr'><strong>unde</strong></span> <span class='ocrx_word' id='word_1_425' title='bbox 878 4140 960 4196; x_wconf 87' lang='lat' dir='ltr'><strong>unius</strong></span> <span class='ocrx_word' id='word_1_426' title='bbox 978 4145 1123 4215; x_wconf 89' lang='lat' dir='ltr'><strong>conceptus</strong></span> <span class='ocrx_word' id='word_1_427' title='bbox 1141 4141 1176 4197; x_wconf 88' lang='lat' dir='ltr'><strong>ad</strong></span> <span class='ocrx_word' id='word_1_428' title='bbox 1188 4148 1350 4216; x_wconf 84' lang='lat' dir='ltr'><strong>conceptum</strong></span> 
     </span>
     <span class='ocr_line' id='line_1_45' title="bbox 243 4225 1348 4304; baseline 0.001 -18"><span class='ocrx_word' id='word_1_429' title='bbox 243 4228 354 4286; x_wconf 85' lang='lat' dir='ltr'><strong>alterius</strong></span> <span class='ocrx_word' id='word_1_430' title='bbox 363 4228 447 4283; x_wconf 87' lang='lat' dir='ltr'><strong>ducit</strong></span> <span class='ocrx_word' id='word_1_431' title='bbox 476 4225 521 4282; x_wconf 85' lang='lat' dir='ltr'><strong>Sic</strong></span> <span class='ocrx_word' id='word_1_432' title='bbox 532 4225 623 4281; x_wconf 88' lang='lat' dir='ltr'><strong>anima</strong></span> <span class='ocrx_word' id='word_1_433' title='bbox 634 4230 677 4283; x_wconf 89' lang='lat' dir='ltr'><strong>est</strong></span> <span class='ocrx_word' id='word_1_434' title='bbox 688 4241 769 4284; x_wconf 87' lang='lat' dir='ltr'><strong>causa</strong></span> <span class='ocrx_word' id='word_1_435' title='bbox 780 4227 900 4283; x_wconf 82' lang='lat' dir='ltr'><strong>formeiis</strong></span> <span class='ocrx_word' id='word_1_436' title='bbox 910 4228 1038 4300; x_wconf 88' lang='lat' dir='ltr'><strong>hominis,</strong></span> <span class='ocrx_word' id='word_1_437' title='bbox 1051 4234 1080 4284; x_wconf 92' lang='lat' dir='ltr'><strong>et</strong></span> <span class='ocrx_word' id='word_1_438' title='bbox 1091 4246 1187 4304; x_wconf 86' lang='lat' dir='ltr'><strong>corpus</strong></span> <span class='ocrx_word' id='word_1_439' title='bbox 1199 4246 1278 4286; x_wconf 88' lang='lat' dir='ltr'><strong>causa</strong></span> <span class='ocrx_word' id='word_1_440' title='bbox 1289 4247 1348 4286; x_wconf 82' lang='lat' dir='ltr'><strong>ma·</strong></span> 
     </span>
    </p>
   </div>
   <div class='ocr_carea' id='block_1_3' title="bbox 242 4313 1346 4469">
    <p class='ocr_par' dir='ltr' id='par_1_8' title="bbox 242 4313 1346 4469">
     <span class='ocr_line' id='line_1_46' title="bbox 242 4313 485 4372; baseline -0.025 0"><span class='ocrx_word' id='word_1_441' title='bbox 242 4314 345 4372; x_wconf 86' lang='lat' dir='ltr'><strong>terialis</strong></span> <span class='ocrx_word' id='word_1_442' title='bbox 356 4313 485 4368; x_wconf 88' lang='lat' dir='ltr'><strong>eiusdem.</strong></span> 
     </span>
     <span class='ocr_line' id='line_1_47' title="bbox 278 4395 1346 4469; baseline 0.006 -17"><span class='ocrx_word' id='word_1_443' title='bbox 278 4398 368 4452; x_wconf 81' lang='lat' dir='ltr'><strong>Causa</strong></span> <span class='ocrx_word' id='word_1_444' title='bbox 385 4395 506 4452; x_wconf 86' lang='lat' dir='ltr'><strong>formalis</strong></span> <span class='ocrx_word' id='word_1_445' title='bbox 517 4395 617 4452; x_wconf 87' lang='lat' dir='ltr'><strong>dicitur</strong></span> <span class='ocrx_word' id='word_1_446' title='bbox 628 4398 711 4452; x_wconf 88' lang='lat' dir='ltr'><strong>etiam</strong></span> <span class='ocrx_word' id='word_1_447' title='bbox 716 4398 819 4469; x_wconf 86' lang='lat' dir='ltr'><strong>formo,</strong></span> <span class='ocrx_word' id='word_1_448' title='bbox 832 4398 903 4454; x_wconf 88' lang='lat' dir='ltr'><strong>sicut</strong></span> <span class='ocrx_word' id='word_1_449' title='bbox 924 4416 1004 4455; x_wconf 85' lang='lat' dir='ltr'><strong>cauea</strong></span> <span class='ocrx_word' id='word_1_450' title='bbox 1015 4401 1162 4456; x_wconf 86' lang='lat' dir='ltr'><strong>materialis</strong></span> <span class='ocrx_word' id='word_1_451' title='bbox 1175 4401 1275 4457; x_wconf 89' lang='lat' dir='ltr'><strong>dicitur</strong></span> <span class='ocrx_word' id='word_1_452' title='bbox 1286 4419 1346 4460; x_wconf 89' lang='lat' dir='ltr'><strong>ma·</strong></span> 
     </span>
    </p>
   </div>
   <div class='ocr_carea' id='block_1_4' title="bbox 0 0 1598 4982">
    <p class='ocr_par' dir='ltr' id='par_1_9' title="bbox 0 0 1598 4982">
     <span class='ocr_line' id='line_1_48' title="bbox 0 0 1598 4982; baseline 0 10"><span class='ocrx_word' id='word_1_453' title='bbox 0 0 1598 4982; x_wconf 95' lang='lat' dir='ltr'><strong> </strong></span> 
     </span>
    </p>
   </div>
  </div>
 </body>
</html>
