3186 4982
235 385 306 431 car.
322 365 394 450 ιιι]
597 385 705 432 iunnr
720 384 958 430 ouronoorcus.
1273 364 1338 428 307

233 553 310 610 teria
345 553 452 610 Forma
465 557 558 610 autem
574 554 726 610 materiales
737 554 866 610 dicuntur
882 553 957 608 educi
972 570 1020 626 per
1031 550 1214 626 operationem
1231 547 1337 622 agentis

234 660 267 696 ω.-
274 641 391 712 potantia
402 641 527 711 mamam,
538 640 569 696 in
580 644 713 712 quantum
724 641 838 696 materia
849 644 891 695 est
901 639 956 694 tale
968 638 1120 695 subiectum
1131 638 1203 710 quod
1216 635 1250 691 ob
1259 651 1336 689 suam

233 729 420 803 passivitatem
436 727 502 782 sinit
513 745 542 783 se
560 727 666 800 disponi
677 727 711 782 ab
725 732 822 800 agente
833 727 868 782 ed
885 726 948 782 illas
958 725 1065 795 formas,
1076 730 1106 781 et
1121 742 1170 797 par
1184 723 1246 778 illas
1261 722 1293 776 lit
1305 721 1336 776 in

233 822 304 871 actu.
330 815 442 888 Proprie
453 820 545 870 tamen
556 814 608 870 hoc
619 814 674 870 dici
685 813 780 886 nequit
790 813 844 869 nisi
856 813 890 869 de
901 813 994 868 formis
1006 810 1224 868 accidentalibus.
1251 808 1336 863 Ratio

233 906 275 958 est
290 901 355 974 quia
370 901 464 957 formae
482 900 673 956 substantiales
685 917 835 973 numquam
850 900 1003 956 educuntur
1017 900 1051 955 de
1063 897 1186 972 potentia
1204 895 1335 964 materia,

234 989 281 1043 sed
292 992 450 1044 concreatur
460 1006 546 1043 unum
560 987 591 1043 in
602 987 696 1057 altero,
704 987 745 1043 ita
755 992 788 1044 ut
804 987 918 1042 materia
930 1005 978 1061 per
989 987 1104 1042 formam
1120 985 1210 1058 primo
1220 982 1336 1055 accipiat

234 1093 291 1132 esse
305 1076 340 1148 (Ι
353 1094 381 1131 ιι.
393 1076 504 1147 32-34).

268 1163 423 1218 Attamen
414 1179 504 1236 ipsum
521 1163 647 1232 nihilum,
660 1180 695 1217 ex
708 1179 762 1234 quo
777 1167 884 1218 creetur
898 1161 1048 1217 substantia
1063 1159 1209 1216 materialis
1209 1155 1337 1229 ,concipi

234 1254 363 1322 potestat
381 1249 532 1322 concipitur
543 1255 575 1304 ut
584 1250 704 1350 potatio
715 1250 814 1304 emendi
823 1250 869 1304 ιιι
878 1250 1026 1321 mantione
1037 1255 1110 1304 αιιιι
1123 1246 1228 1315 mendi,
1241 1251 1269 1300 et
1283 1244 1337 1299 lroc

234 1338 315 1393 modo
333 1336 388 1392 dici
399 1333 490 1410 potest
504 1338 616 1391 materia
628 1355 738 1407 prame:
756 1354 818 1410 quaa
829 1353 884 1390 non
900 1342 942 1391 est
957 1336 1117 1406 subiectum,
1130 1352 1215 1408 quum
1231 1332 1336 1387 nullam

235 1423 333 1478 habeat
344 1423 494 1493 entitatem,
507 1422 556 1478 sed
567 1423 777 1496 apprehenditur
792 1423 828 1478 ad
839 1424 952 1479 modum
963 1422 1104 1479 cuiusdam
1114 1421 1196 1494 primi
1213 1418 1336 1486 subiecti,

234 1512 300 1584 quia
317 1509 415 1586 accipit
433 1529 498 1581 esse,
511 1516 547 1582 et,
559 1509 648 1584 posita
666 1510 754 1566 forma
773 1510 952 1581 substantiali,
964 1512 997 1564 fit
1014 1510 1094 1566 realis
1111 1507 1244 1564 terminus
1265 1504 1338 1561 entis

236 1598 328 1670 (vm
340 1618 367 1653 n
380 1598 437 1671 ιι

270 1685 302 1740 Si
319 1691 412 1740 autem
429 1684 547 1740 nihilum
558 1685 694 1758 cogitetur
708 1689 742 1740 nt
756 1684 787 1740 id
803 1702 839 1739 ex
850 1702 905 1757 quo
921 1685 1005 1740 etiam
1022 1683 1174 1740 substantia
1189 1679 1338 1782 spiritualis

234 1789 281 1845 per
292 1771 454 1827 creationem
465 1772 596 1841 educitur,
609 1771 748 1828 evidenter
758 1789 813 1828 non
829 1771 929 1844 poterit
939 1771 1031 1828 vocari
1041 1771 1154 1826 ιιαιιιια
1160 1769 1261 1840 primo,
1272 1766 1339 1841 qnia

235 1858 286 1914 hoc
302 1877 401 1913 nomen
419 1864 461 1913 est
475 1858 621 1913 relativum
638 1858 673 1913 ad
691 1857 806 1914 formam
823 1858 1000 1928 materialem,
1018 1875 1073 1913 non
1091 1857 1126 1913 ad
1143 1861 1235 1912 actum
1254 1854 1338 1910 intel·

235 1948 367 2004 lectivum
380 1948 471 2020 (VHL
484 1966 510 2002 n.
523 1947 581 2017 29).

270 2036 313 2090 84.
333 2034 449 2101 Quando
468 2035 558 2118 agitur
577 2033 611 2089 de
631 2033 718 2089 forma
735 2032 906 2089 substantiali
927 2037 956 2088 et
970 2031 1085 2088 materis
1104 2032 1191 2106 prima
1211 2048 1240 2086 se
1261 2047 1337 2084 com-

235 2120 392 2193 plentibus'
383 2139 413 2174 ιιι
424 2121 511 2193 primo
524 2137 588 2189 esse,
600 2125 712 2192 praestat
723 2119 811 2175 dicere
817 2119 981 2190 principium
996 2119 1130 2174 marceat
1141 2122 1170 2173 et
1175 2117 1337 2188 principium

229 2208 355 2306 jurnale,
372 2223 455 2279 quam
472 2225 577 2260 coruom
591 2207 752 2260 materialem
769 2211 793 2260 et
811 2223 917 2260 emnam
926 2206 1079 2278 formalem.
1115 2203 1199 2259 Ratio
1211 2202 1338 2274 estquis

236 2293 323 2350 omnis
334 2310 399 2349 vera
409 2310 490 2348 causa
501 2292 582 2348 debet
593 2310 650 2348 esse
662 2293 784 2364 aliquid'
776 2311 806 2346 ιιι
817 2310 908 2348 rerum
924 2298 1028 2362 natura,
1040 2297 1074 2347 ut
1082 2291 1249 2364 concipiatur
1259 2309 1337 2364 posse

235 2398 358 2436 causare:
383 2385 412 2435 ιι
422 2379 510 2435 forma
521 2380 631 2452 quidem
642 2379 829 2436 substantialis
842 2381 936 2436 existit
946 2381 976 2434 in
989 2381 1083 2436 divina
1093 2380 1203 2450 virtute,
1215 2380 1338 2434 eminen-

236 2472 278 2523 ter
288 2472 388 2536 tamen‚
402 2472 431 2522 et
443 2485 496 2522 noa
506 2473 536 2522 ut
546 2468 606 2522 talia
617 2467 728 2540 sor-nm
747 2472 776 2521 at
789 2467 903 2523 materia
913 2468 1001 2540 prima
1012 2469 1087 2524 nullo
1101 2468 1182 2524 modo
1201 2467 1296 2523 existit
1306 2468 1337 2523 in

235 2572 325 2610 rerum
335 2559 439 2610 natura
475 2554 539 2610 Non
551 2571 614 2626 ergo
629 2554 732 2610 habent
743 2556 778 2609 ed
789 2573 818 2610 se
829 2560 925 2610 mutuo
937 2555 1068 2610 rationem
1079 2575 1162 2610 cauaoe
1172 2555 1293 2611 formalis
1309 2561 1338 2610 et

235 2642 383 2698 materialis
395 2642 473 2698 entis
511 2642 613 2698 Contra
619 2642 782 2713 praebitum
794 2643 911 2697 sumitiu
923 2643 1006 2698 latius
1017 2661 1100 2715 quam
1111 2661 1198 2713 carisa,
1211 2649 1240 2698 et
1251 2643 1337 2715 signi-

236 2729 300 2784 ficat
314 2729 523 2785 constitutivum
534 2729 588 2783 rei:
608 2733 637 2784 et
648 2729 687 2784 sic
699 2729 822 2802 quamvis
833 2747 875 2784 res
887 2730 1036 2786 constituta
1047 2730 1083 2784 sit
1097 2747 1152 2785 una
1162 2748 1205 2786 ros
1216 2730 1337 2803 physice,

237 2815 380 2871 resolvitur
399 2815 584 2888 metaphysica
604 2805 707 2870 induo
727 2814 867 2888 principis,
880 2832 995 2887 quorum
1014 2815 1130 2871 alterum
1148 2821 1220 2872 recte
1236 2816 1340 2872 dicitnr

236 2901 883 2974 formare,a1temmmaterirle(1.n.laetat).
1234 2887 1240 2899 ’

270 2989 312 3043 At
331 2988 362 3042 in
382 2989 493 3043 homine
514 2989 605 3043 anima
624 2993 653 3044 et
671 3006 767 3062 corpus
785 3007 841 3044 non
861 2994 970 3044 tantum
988 2989 1160 3063 principiant,
1178 2993 1226 3047 sed
1244 2993 1337 3048 stricte

235 3081 346 3130 causant
358 3069 532 3130 individuam
539 3079 671 3146 nattuam,
684 3075 749 3148 quia
763 3082 821 3131 tarn
832 3075 931 3146 anima,
944 3093 1026 3148 quam
1038 3095 1132 3150 corpus
1143 3078 1245 3134 habent
1256 3097 1337 3136 suum

235 3178 293 3216 csse
303 3161 455 3234 physicum,
467 3179 522 3234 quo
532 3179 641 3217 camare
651 3162 756 3234 possint
769 3162 804 3235 (L
817 3181 843 3217 n.
857 3163 968 3234 49-60).

269 3248 312 3302 85.
331 3247 376 3302 Ex
394 3248 475 3303 dictis
490 3247 537 3303 hic
554 3253 583 3304 et
600 3248 764 3321 praeccdenti
780 3249 896 3304 articulo
911 3256 1018 3305 constet
1033 3256 1150 3324 quatuor
1164 3270 1222 3309 esse
1240 3272 1338 3326 genera

234 3352 382 3406 causamnn,
394 3353 492 3408 nempe
503 3337 736 3408 causamfhaolcm,
750 3336 905 3416 ιλιῑιξιιιιη,
917 3339 1086 3408 materialem,
1098 3340 1289 3411 otformabem:
1309 3346 1339 3396 et

234 3422 360 3478 similiter
379 3427 495 3495 quatuor
514 3427 579 3477 sunt
599 3422 789 3494 respondentia
808 3441 907 3495 genera
926 3424 1127 3499 principiorum.
1167 3427 1337 3499 Principium

234 3510 376 3578 materiale,
389 3514 422 3564 nt
439 3527 513 3564 nunc
530 3509 634 3564 dictum
653 3514 703 3580 est,
716 3513 758 3564 est
769 3510 883 3564 materia
899 3511 987 3582 prima
998 3511 1028 3565 in
1046 3511 1126 3566 rebus
1143 3513 1336 3584 materialibus,

234 3595 264 3650 in
282 3596 388 3652 caeteris
398 3613 463 3652 vero
480 3596 612 3652 terminus
627 3596 658 3651 in
674 3596 797 3669 potentia
813 3597 849 3652 ad
868 3597 1027 3652 essendumr
1045 3598 1208 3671 principium
1218 3600 1339 3673 forusele

235 3687 278 3737 est
295 3687 371 3736 ιιιιιι
387 3683 490 3755 primus
507 3683 594 3738 entis:
612 3683 776 3757 principium
794 3683 935 3756 effectivam
950 3688 992 3738 est
1005 3683 1092 3738 virtus
1110 3685 1232 3757 agentis3
1251 3692 1279 3740 et
1296 3693 1337 3742 est

234 3766 396 3840 principium
416 3773 533 3838 tantum,
546 3787 601 3823 non
618 3787 705 3839 causa,
718 3769 783 3841 quia
799 3786 880 3824 causa
898 3769 1014 3825 efficiens
1032 3775 1074 3825 est
1093 3770 1182 3843 ipsum
1202 3779 1339 3844 argonaut

234 3853 339 3909 dictum
359 3859 414 3910 est:
433 3854 594 3928 principium
600 3856 687 3929 finale
703 3862 745 3912 est
761 3857 834 3912 ratio
848 3857 913 3912 boni
932 3857 1100 3930 apprehensa
1110 3859 1140 3912 iu
1157 3876 1238 3916 causa
1251 3861 1337 3932 finali,

234 3956 295 4012 quae
315 3945 425 4013 propter
445 3941 530 3995 talem
548 3941 680 3997 rationem
697 3943 763 3998 boni
783 3949 825 3998 est
845 3942 968 3998 amabilis
986 3944 1031 3999 vel
1054 3944 1216 4017 appetibilis.
1259 3947 1339 4003 Sicut

233 4030 325 4082 autem
336 4025 386 4081 sub
400 4032 516 4100 quatuor
525 4028 669 4099 generibus
685 4046 825 4084 carnarum
839 4029 1011 4086 continentur
1022 4032 1148 4103 quaedam
1163 4032 1224 4088 aliae
1239 4051 1337 4105 causae,

234 4129 295 4186 quae
313 4112 348 4168 ad
359 4113 409 4168 illa
425 4131 525 4187 genera
541 4114 714 4184 reducuntur,
725 4116 765 4171 ita
782 4116 865 4172 etiam
880 4117 931 4172 sub
949 4123 1065 4189 quatuor
1076 4119 1219 4190 generibus
1236 4119 1338 4192 princi-

232 4199 339 4273 piorum
350 4205 449 4256 csetera
459 4200 593 4274 principis
604 4201 783 4272 continentur,
796 4208 829 4258 ut
840 4204 1002 4275 principium
1019 4210 1118 4274 motus,
1131 4205 1205 4278 quod
1222 4212 1264 4261 est
1281 4206 1342 4262 eius

232 4286 345 4352 isitium,
357 4293 386 4344 et
404 4281 543 4343 reducitur
563 4287 598 4343 ad
615 4288 765 4359 materiam,
781 4296 808 4346 ιι
821 4291 985 4362 principium
1005 4291 1250 4364 demonstrationis,
1266 4295 1339 4367 quod

233 4373 371 4430 reducitur
382 4375 418 4430 ad
429 4375 560 4431 νὶιιιιιιιιι
572 4375 724 4432 effectivam
736 4381 788 4432 etc.

1110 4471 1167 4532 ¹2
