<?xml version="1.0" encoding="UTF-8"?>
<!DOCTYPE html PUBLIC "-//W3C//DTD XHTML 1.0 Transitional//EN"
    "http://www.w3.org/TR/xhtml1/DTD/xhtml1-transitional.dtd">
<html xmlns="http://www.w3.org/1999/xhtml" xml:lang="en" lang="en">
 <head>
  <title>
</title>
<meta http-equiv="Content-Type" content="text/html;charset=utf-8" />
  <meta name='ocr-system' content='tesseract 3.04.00' />
  <meta name='ocr-capabilities' content='ocr_page ocr_carea ocr_par ocr_line ocrx_word'/>
</head>
<body>
  <div class='ocr_page' id='page_1' title='image "./realisphilosoph01baymgoog_0105.png"; bbox 0 0 3240 4986; ppageno 0'>
   <div class='ocr_carea' id='block_1_1' title="bbox 275 321 1377 410">
    <p class='ocr_par' dir='ltr' id='par_1_1' title="bbox 275 321 1377 410">
     <span class='ocr_line' id='line_1_1' title="bbox 275 321 1377 410; baseline -0.006 -16"><span class='ocrx_word' id='word_1_1' title='bbox 275 326 320 390; x_wconf 89' lang='grc'><strong>90</strong></span> <span class='ocrx_word' id='word_1_2' title='bbox 730 321 773 394; x_wconf 77' lang='lat' dir='ltr'><strong>on</strong></span> <span class='ocrx_word' id='word_1_3' title='bbox 791 347 922 395; x_wconf 75' lang='lat' dir='ltr'><strong>nunno.</strong></span> <span class='ocrx_word' id='word_1_4' title='bbox 1247 324 1335 410; x_wconf 74' lang='lat' dir='ltr'><strong>[car.</strong></span> <span class='ocrx_word' id='word_1_5' title='bbox 1352 340 1377 384; x_wconf 88' lang='grc' dir='ltr'>ι.</span> 
     </span>
    </p>
   </div>
   <div class='ocr_carea' id='block_1_2' title="bbox 199 507 1402 4392">
    <p class='ocr_par' dir='ltr' id='par_1_2' title="bbox 199 507 1400 4054">
     <span class='ocr_line' id='line_1_2' title="bbox 275 507 1381 600; baseline -0.004 -24"><span class='ocrx_word' id='word_1_6' title='bbox 275 520 305 576; x_wconf 80' lang='lat' dir='ltr'><strong>et</strong></span> <span class='ocrx_word' id='word_1_7' title='bbox 318 513 402 592; x_wconf 78' lang='lat' dir='ltr'><strong>seire,</strong></span> <span class='ocrx_word' id='word_1_8' title='bbox 418 514 512 578; x_wconf 83' lang='lat' dir='ltr'><strong>ideale</strong></span> <span class='ocrx_word' id='word_1_9' title='bbox 525 522 555 578; x_wconf 83' lang='lat' dir='ltr'><strong>et</strong></span> <span class='ocrx_word' id='word_1_10' title='bbox 567 514 656 578; x_wconf 81' lang='lat' dir='ltr'><strong>reale.</strong></span> <span class='ocrx_word' id='word_1_11' title='bbox 701 514 878 580; x_wconf 70' lang='lat' dir='ltr'><em>Absolutum</em></span> <span class='ocrx_word' id='word_1_12' title='bbox 892 536 961 600; x_wconf 81' lang='lat' dir='ltr'><strong>erpo</strong></span> <span class='ocrx_word' id='word_1_13' title='bbox 976 522 1021 578; x_wconf 83' lang='lat' dir='ltr'><strong>est</strong></span> <span class='ocrx_word' id='word_1_14' title='bbox 1034 513 1174 578; x_wconf 82' lang='lat' dir='ltr'><strong>identitas</strong></span> <span class='ocrx_word' id='word_1_15' title='bbox 1187 513 1263 576; x_wconf 66' lang='lat' dir='ltr'><strong>catu</strong></span> <span class='ocrx_word' id='word_1_16' title='bbox 1277 507 1381 573; x_wconf 81' lang='lat' dir='ltr'><strong>idealia</strong></span> 
     </span>
     <span class='ocr_line' id='line_1_3' title="bbox 275 620 1380 710; baseline -0.003 -24"><span class='ocrx_word' id='word_1_17' title='bbox 275 643 340 686; x_wconf 82' lang='lat' dir='ltr'><strong>erm</strong></span> <span class='ocrx_word' id='word_1_18' title='bbox 356 624 440 702; x_wconf 84' lang='lat' dir='ltr'><strong>reoli,</strong></span> <span class='ocrx_word' id='word_1_19' title='bbox 457 625 590 690; x_wconf 69' lang='lat' dir='ltr'><strong>obsohta</strong></span> <span class='ocrx_word' id='word_1_20' title='bbox 612 624 810 709; x_wconf 75' lang='lat' dir='ltr'><strong>indifferertio</strong></span> <span class='ocrx_word' id='word_1_21' title='bbox 833 625 1039 710; x_wconf 80' lang='lat' dir='ltr'><strong>differentium,</strong></span> <span class='ocrx_word' id='word_1_22' title='bbox 1057 624 1184 688; x_wconf 79' lang='lat' dir='ltr'><strong>unitatis</strong></span> <span class='ocrx_word' id='word_1_23' title='bbox 1206 631 1235 687; x_wconf 85' lang='lat' dir='ltr'><strong>et</strong></span> <span class='ocrx_word' id='word_1_24' title='bbox 1250 620 1380 705; x_wconf 82' lang='lat' dir='ltr'><strong>plurali-</strong></span> 
     </span>
     <span class='ocr_line' id='line_1_4' title="bbox 277 734 1381 817; baseline -0.002 -19"><span class='ocrx_word' id='word_1_25' title='bbox 277 734 370 798; x_wconf 81' lang='lat' dir='ltr'><strong>tatis:</strong></span> <span class='ocrx_word' id='word_1_26' title='bbox 393 742 422 798; x_wconf 79' lang='lat' dir='ltr'><strong>et</strong></span> <span class='ocrx_word' id='word_1_27' title='bbox 436 737 480 799; x_wconf 81' lang='lat' dir='ltr'><strong>ito</strong></span> <span class='ocrx_word' id='word_1_28' title='bbox 501 744 545 801; x_wconf 82' lang='lat' dir='ltr'><strong>eat</strong></span> <span class='ocrx_word' id='word_1_29' title='bbox 559 757 648 800; x_wconf 82' lang='lat' dir='ltr'><strong>ouum</strong></span> <span class='ocrx_word' id='word_1_30' title='bbox 662 745 691 802; x_wconf 82' lang='lat' dir='ltr'><strong>et</strong></span> <span class='ocrx_word' id='word_1_31' title='bbox 714 739 821 816; x_wconf 79' lang='lat' dir='ltr'><strong>omnic,</strong></span> <span class='ocrx_word' id='word_1_32' title='bbox 836 739 936 800; x_wconf 80' lang='lat' dir='ltr'><strong>unitos</strong></span> <span class='ocrx_word' id='word_1_33' title='bbox 950 745 980 801; x_wconf 83' lang='lat' dir='ltr'><strong>et</strong></span> <span class='ocrx_word' id='word_1_34' title='bbox 1000 736 1178 800; x_wconf 70' lang='lat' dir='ltr'><strong><em>universitas</em></strong></span> <span class='ocrx_word' id='word_1_35' title='bbox 1199 742 1288 817; x_wconf 80' lang='lat' dir='ltr'><strong>atque</strong></span> <span class='ocrx_word' id='word_1_36' title='bbox 1303 740 1381 797; x_wconf 80' lang='lat' dir='ltr'><strong>tota·</strong></span> 
     </span>
     <span class='ocr_line' id='line_1_5' title="bbox 277 843 1382 930; baseline -0.001 -21"><span class='ocrx_word' id='word_1_37' title='bbox 277 845 347 910; x_wconf 84' lang='lat' dir='ltr'><strong>litos</strong></span> <span class='ocrx_word' id='word_1_38' title='bbox 365 845 564 928; x_wconf 79' lang='lat' dir='ltr'><strong>(Tenneman,</strong></span> <span class='ocrx_word' id='word_1_39' title='bbox 582 847 730 912; x_wconf 79' lang='lat' dir='ltr'><strong>Manuale</strong></span> <span class='ocrx_word' id='word_1_40' title='bbox 752 847 826 911; x_wconf 88' lang='lat' dir='ltr'><strong>dell’</strong></span> <span class='ocrx_word' id='word_1_41' title='bbox 842 847 954 912; x_wconf 85' lang='lat' dir='ltr'><strong>Istoria</strong></span> <span class='ocrx_word' id='word_1_42' title='bbox 976 845 1057 912; x_wconf 90' lang='lat' dir='ltr'><strong>della</strong></span> <span class='ocrx_word' id='word_1_43' title='bbox 1071 845 1223 924; x_wconf 78' lang='lat' dir='ltr'><strong>Filosofia,</strong></span> <span class='ocrx_word' id='word_1_44' title='bbox 1239 852 1320 930; x_wconf 90' lang='lat' dir='ltr'><strong>part.</strong></span> <span class='ocrx_word' id='word_1_45' title='bbox 1334 843 1382 928; x_wconf 79' lang='lat'><strong>2).</strong></span> 
     </span>
     <span class='ocr_line' id='line_1_6' title="bbox 279 955 1381 1042; baseline -0.002 -22"><span class='ocrx_word' id='word_1_46' title='bbox 279 955 407 1020; x_wconf 83' lang='lat' dir='ltr'><strong>Certum</strong></span> <span class='ocrx_word' id='word_1_47' title='bbox 422 957 545 1042; x_wconf 91' lang='lat' dir='ltr'><strong>quidem</strong></span> <span class='ocrx_word' id='word_1_48' title='bbox 560 967 617 1037; x_wconf 91' lang='lat' dir='ltr'><strong>est,</strong></span> <span class='ocrx_word' id='word_1_49' title='bbox 627 958 776 1023; x_wconf 80' lang='lat' dir='ltr'><strong>contineri</strong></span> <span class='ocrx_word' id='word_1_50' title='bbox 790 959 825 1022; x_wconf 91' lang='lat' dir='ltr'><strong>in</strong></span> <span class='ocrx_word' id='word_1_51' title='bbox 836 959 905 1022; x_wconf 92' lang='lat' dir='ltr'><strong>Deo</strong></span> <span class='ocrx_word' id='word_1_52' title='bbox 918 957 1058 1022; x_wconf 84' lang='lat' dir='ltr'><strong>ordinem</strong></span> <span class='ocrx_word' id='word_1_53' title='bbox 1072 957 1183 1022; x_wconf 89' lang='lat' dir='ltr'><strong>realem</strong></span> <span class='ocrx_word' id='word_1_54' title='bbox 1199 965 1229 1022; x_wconf 91' lang='lat' dir='ltr'><strong>et</strong></span> <span class='ocrx_word' id='word_1_55' title='bbox 1244 955 1381 1020; x_wconf 84' lang='lat' dir='ltr'><strong>ordinem</strong></span> 
     </span>
     <span class='ocr_line' id='line_1_7' title="bbox 279 1065 1383 1154; baseline 0 -23"><span class='ocrx_word' id='word_1_56' title='bbox 279 1067 417 1149; x_wconf 86' lang='lat' dir='ltr'><strong>idealem,</strong></span> <span class='ocrx_word' id='word_1_57' title='bbox 433 1077 464 1133; x_wconf 92' lang='lat' dir='ltr'><strong>et</strong></span> <span class='ocrx_word' id='word_1_58' title='bbox 486 1069 543 1133; x_wconf 87' lang='lat' dir='ltr'><strong>hos</strong></span> <span class='ocrx_word' id='word_1_59' title='bbox 558 1067 690 1152; x_wconf 89' lang='lat' dir='ltr'><strong>ordines,</strong></span> <span class='ocrx_word' id='word_1_60' title='bbox 705 1069 760 1154; x_wconf 92' lang='lat' dir='ltr'><strong>qui</strong></span> <span class='ocrx_word' id='word_1_61' title='bbox 781 1070 902 1135; x_wconf 81' lang='lat' dir='ltr'><strong>realiter</strong></span> <span class='ocrx_word' id='word_1_62' title='bbox 920 1079 993 1134; x_wconf 86' lang='lat' dir='ltr'><strong>sunt</strong></span> <span class='ocrx_word' id='word_1_63' title='bbox 1012 1069 1150 1134; x_wconf 87' lang='lat' dir='ltr'><strong>distincti</strong></span> <span class='ocrx_word' id='word_1_64' title='bbox 1171 1077 1256 1133; x_wconf 83' lang='lat' dir='ltr'><strong>extra</strong></span> <span class='ocrx_word' id='word_1_65' title='bbox 1268 1065 1383 1144; x_wconf 88' lang='lat' dir='ltr'><strong>Deum,</strong></span> 
     </span>
     <span class='ocr_line' id='line_1_8' title="bbox 280 1178 1385 1265; baseline -0.003 -22"><span class='ocrx_word' id='word_1_66' title='bbox 280 1179 398 1244; x_wconf 89' lang='lat' dir='ltr'><strong>nullam</strong></span> <span class='ocrx_word' id='word_1_67' title='bbox 419 1179 531 1245; x_wconf 85' lang='lat' dir='ltr'><strong>habere</strong></span> <span class='ocrx_word' id='word_1_68' title='bbox 553 1180 780 1246; x_wconf 77' lang='lat' dir='ltr'><strong>distinctionem</strong></span> <span class='ocrx_word' id='word_1_69' title='bbox 796 1181 907 1246; x_wconf 89' lang='lat' dir='ltr'><strong>realem</strong></span> <span class='ocrx_word' id='word_1_70' title='bbox 922 1181 962 1245; x_wconf 66' lang='lat' dir='ltr'><strong>‘in</strong></span> <span class='ocrx_word' id='word_1_71' title='bbox 982 1181 1049 1265; x_wconf 89' lang='lat' dir='ltr'><strong>ipso</strong></span> <span class='ocrx_word' id='word_1_72' title='bbox 1063 1179 1142 1245; x_wconf 88' lang='lat' dir='ltr'><strong>Dec.</strong></span> <span class='ocrx_word' id='word_1_73' title='bbox 1187 1178 1314 1244; x_wconf 83' lang='lat' dir='ltr'><strong>Certum</strong></span> <span class='ocrx_word' id='word_1_74' title='bbox 1336 1185 1385 1242; x_wconf 89' lang='lat' dir='ltr'><strong>est</strong></span> 
     </span>
     <span class='ocr_line' id='line_1_9' title="bbox 280 1291 1385 1372; baseline -0.004 -16"><span class='ocrx_word' id='word_1_75' title='bbox 280 1292 383 1371; x_wconf 86' lang='lat' dir='ltr'><strong>etium,</strong></span> <span class='ocrx_word' id='word_1_76' title='bbox 398 1291 574 1356; x_wconf 89' lang='lat' dir='ltr'><strong>innumeras</strong></span> <span class='ocrx_word' id='word_1_77' title='bbox 595 1293 747 1358; x_wconf 84' lang='lat' dir='ltr'><strong>realitates</strong></span> <span class='ocrx_word' id='word_1_78' title='bbox 768 1292 882 1372; x_wconf 89' lang='lat' dir='ltr'><strong>finitas,</strong></span> <span class='ocrx_word' id='word_1_79' title='bbox 898 1292 959 1357; x_wconf 87' lang='lat' dir='ltr'><strong>sive</strong></span> <span class='ocrx_word' id='word_1_80' title='bbox 981 1302 1065 1357; x_wconf 89' lang='lat' dir='ltr'><strong>extra</strong></span> <span class='ocrx_word' id='word_1_81' title='bbox 1086 1291 1190 1356; x_wconf 90' lang='lat' dir='ltr'><strong>Deum</strong></span> <span class='ocrx_word' id='word_1_82' title='bbox 1212 1291 1385 1368; x_wconf 81' lang='lat' dir='ltr'><strong>existentes,</strong></span> 
     </span>
     <span class='ocr_line' id='line_1_10' title="bbox 282 1401 1386 1488; baseline -0.004 -21"><span class='ocrx_word' id='word_1_83' title='bbox 282 1403 344 1468; x_wconf 84' lang='lat' dir='ltr'><strong>sive</strong></span> <span class='ocrx_word' id='word_1_84' title='bbox 357 1403 528 1487; x_wconf 89' lang='lat' dir='ltr'><strong>possibiles,</strong></span> <span class='ocrx_word' id='word_1_85' title='bbox 545 1403 648 1488; x_wconf 87' lang='lat' dir='ltr'><strong>aliquo</strong></span> <span class='ocrx_word' id='word_1_86' title='bbox 663 1403 753 1468; x_wconf 92' lang='lat' dir='ltr'><strong>modo</strong></span> <span class='ocrx_word' id='word_1_87' title='bbox 768 1404 917 1468; x_wconf 87' lang='lat' dir='ltr'><strong>contineri</strong></span> <span class='ocrx_word' id='word_1_88' title='bbox 939 1403 972 1467; x_wconf 90' lang='lat' dir='ltr'><strong>in</strong></span> <span class='ocrx_word' id='word_1_89' title='bbox 987 1403 1115 1467; x_wconf 88' lang='lat' dir='ltr'><strong>entitate</strong></span> <span class='ocrx_word' id='word_1_90' title='bbox 1129 1402 1189 1466; x_wconf 92' lang='lat' dir='ltr'><strong>Dei</strong></span> <span class='ocrx_word' id='word_1_91' title='bbox 1204 1401 1333 1480; x_wconf 78' lang='lat' dir='ltr'><strong>infinita,</strong></span> <span class='ocrx_word' id='word_1_92' title='bbox 1349 1408 1386 1463; x_wconf 93' lang='lat' dir='ltr'><strong>ut</strong></span> 
     </span>
     <span class='ocr_line' id='line_1_11' title="bbox 281 1515 1386 1601; baseline -0.002 -22"><span class='ocrx_word' id='word_1_93' title='bbox 281 1515 419 1580; x_wconf 88' lang='lat' dir='ltr'><strong>infante</strong></span> <span class='ocrx_word' id='word_1_94' title='bbox 440 1515 540 1580; x_wconf 91' lang='lat' dir='ltr'><strong>omnis</strong></span> <span class='ocrx_word' id='word_1_95' title='bbox 561 1516 718 1596; x_wconf 86' lang='lat' dir='ltr'><strong>realitatis,</strong></span> <span class='ocrx_word' id='word_1_96' title='bbox 741 1517 806 1581; x_wconf 89' lang='lat' dir='ltr'><strong>sine</strong></span> <span class='ocrx_word' id='word_1_97' title='bbox 829 1525 937 1581; x_wconf 88' lang='lat' dir='ltr'><strong>mutua</strong></span> <span class='ocrx_word' id='word_1_98' title='bbox 952 1515 1155 1601; x_wconf 88' lang='lat' dir='ltr'><strong>oppositione.</strong></span> <span class='ocrx_word' id='word_1_99' title='bbox 1201 1515 1263 1578; x_wconf 80' lang='lat' dir='ltr'><strong>Sed</strong></span> <span class='ocrx_word' id='word_1_100' title='bbox 1283 1521 1386 1578; x_wconf 89' lang='lat' dir='ltr'><strong>totum</strong></span> 
     </span>
     <span class='ocr_line' id='line_1_12' title="bbox 282 1626 1385 1713; baseline -0.001 -23"><span class='ocrx_word' id='word_1_101' title='bbox 282 1626 340 1691; x_wconf 87' lang='lat' dir='ltr'><strong>hoo</strong></span> <span class='ocrx_word' id='word_1_102' title='bbox 350 1627 419 1691; x_wconf 91' lang='lat' dir='ltr'><strong>ideo</strong></span> <span class='ocrx_word' id='word_1_103' title='bbox 429 1649 535 1692; x_wconf 90' lang='lat' dir='ltr'><strong>verum</strong></span> <span class='ocrx_word' id='word_1_104' title='bbox 551 1628 692 1713; x_wconf 72' lang='lat' dir='ltr'><strong>estquis</strong></span> <span class='ocrx_word' id='word_1_105' title='bbox 706 1637 775 1693; x_wconf 92' lang='lat' dir='ltr'><strong>tum</strong></span> <span class='ocrx_word' id='word_1_106' title='bbox 790 1649 858 1713; x_wconf 86' lang='lat' dir='ltr'><strong>quae</strong></span> <span class='ocrx_word' id='word_1_107' title='bbox 866 1629 1023 1713; x_wconf 89' lang='lat' dir='ltr'><strong>pertinent</strong></span> <span class='ocrx_word' id='word_1_108' title='bbox 1038 1628 1077 1692; x_wconf 89' lang='lat' dir='ltr'><strong>ad</strong></span> <span class='ocrx_word' id='word_1_109' title='bbox 1092 1627 1230 1692; x_wconf 89' lang='lat' dir='ltr'><strong>ordinem</strong></span> <span class='ocrx_word' id='word_1_110' title='bbox 1245 1626 1385 1704; x_wconf 88' lang='lat' dir='ltr'><strong>idealem,</strong></span> 
     </span>
     <span class='ocr_line' id='line_1_13' title="bbox 283 1736 1386 1824; baseline -0.001 -23"><span class='ocrx_word' id='word_1_111' title='bbox 283 1747 351 1802; x_wconf 88' lang='lat' dir='ltr'><strong>tum</strong></span> <span class='ocrx_word' id='word_1_112' title='bbox 367 1760 435 1822; x_wconf 86' lang='lat' dir='ltr'><strong>quae</strong></span> <span class='ocrx_word' id='word_1_113' title='bbox 457 1739 613 1824; x_wconf 86' lang='lat' dir='ltr'><strong>pertinent</strong></span> <span class='ocrx_word' id='word_1_114' title='bbox 627 1740 667 1804; x_wconf 91' lang='lat' dir='ltr'><strong>ad</strong></span> <span class='ocrx_word' id='word_1_115' title='bbox 681 1739 820 1804; x_wconf 90' lang='lat' dir='ltr'><strong>ordinem</strong></span> <span class='ocrx_word' id='word_1_116' title='bbox 842 1739 964 1819; x_wconf 89' lang='lat' dir='ltr'><strong>realem,</strong></span> <span class='ocrx_word' id='word_1_117' title='bbox 980 1762 1044 1804; x_wconf 90' lang='lat' dir='ltr'><strong>non</strong></span> <span class='ocrx_word' id='word_1_118' title='bbox 1064 1738 1121 1804; x_wconf 88' lang='lat' dir='ltr'><strong>sub</strong></span> <span class='ocrx_word' id='word_1_119' title='bbox 1135 1738 1235 1803; x_wconf 86' lang='lat' dir='ltr'><strong>forma</strong></span> <span class='ocrx_word' id='word_1_120' title='bbox 1254 1736 1386 1822; x_wconf 88' lang='lat' dir='ltr'><strong>propria,</strong></span> 
     </span>
     <span class='ocr_line' id='line_1_14' title="bbox 285 1850 1388 1930; baseline -0.001 -15"><span class='ocrx_word' id='word_1_121' title='bbox 285 1850 339 1915; x_wconf 89' lang='lat' dir='ltr'><strong>sed</strong></span> <span class='ocrx_word' id='word_1_122' title='bbox 361 1852 509 1916; x_wconf 88' lang='lat' dir='ltr'><strong>eminenti</strong></span> <span class='ocrx_word' id='word_1_123' title='bbox 529 1853 622 1918; x_wconf 90' lang='lat' dir='ltr'><strong>modo</strong></span> <span class='ocrx_word' id='word_1_124' title='bbox 647 1853 844 1918; x_wconf 77' lang='lat' dir='ltr'><strong>eontinentur</strong></span> <span class='ocrx_word' id='word_1_125' title='bbox 863 1851 896 1917; x_wconf 93' lang='lat' dir='ltr'><strong>in</strong></span> <span class='ocrx_word' id='word_1_126' title='bbox 913 1854 993 1918; x_wconf 89' lang='lat' dir='ltr'><strong>Dec.</strong></span> <span class='ocrx_word' id='word_1_127' title='bbox 1038 1852 1144 1930; x_wconf 81' lang='lat' dir='ltr'><strong>Quum</strong></span> <span class='ocrx_word' id='word_1_128' title='bbox 1164 1860 1267 1917; x_wconf 91' lang='lat' dir='ltr'><strong>autem</strong></span> <span class='ocrx_word' id='word_1_129' title='bbox 1289 1850 1388 1915; x_wconf 87' lang='lat' dir='ltr'><strong>forma</strong></span> 
     </span>
     <span class='ocr_line' id='line_1_15' title="bbox 285 1961 1388 2050; baseline -0.001 -23"><span class='ocrx_word' id='word_1_130' title='bbox 285 1963 325 2027; x_wconf 88' lang='lat' dir='ltr'><strong>sit</strong></span> <span class='ocrx_word' id='word_1_131' title='bbox 348 1963 431 2048; x_wconf 91' lang='lat' dir='ltr'><strong>quod</strong></span> <span class='ocrx_word' id='word_1_132' title='bbox 453 1963 627 2048; x_wconf 83' lang='lat' dir='ltr'><strong>distinguit,</strong></span> <span class='ocrx_word' id='word_1_133' title='bbox 643 1963 677 2028; x_wconf 92' lang='lat' dir='ltr'><strong>in</strong></span> <span class='ocrx_word' id='word_1_134' title='bbox 699 1973 849 2050; x_wconf 90' lang='lat' dir='ltr'><strong>quantum</strong></span> <span class='ocrx_word' id='word_1_135' title='bbox 872 1965 960 2030; x_wconf 84' lang='lat' dir='ltr'><strong>affert</strong></span> <span class='ocrx_word' id='word_1_136' title='bbox 982 1964 1260 2041; x_wconf 81' lang='lat' dir='ltr'><strong>determinationes,</strong></span> <span class='ocrx_word' id='word_1_137' title='bbox 1276 1961 1388 2048; x_wconf 89' lang='lat' dir='ltr'><strong>quibus</strong></span> 
     </span>
     <span class='ocr_line' id='line_1_16' title="bbox 284 2073 1389 2161; baseline -0.002 -23"><span class='ocrx_word' id='word_1_138' title='bbox 284 2098 334 2139; x_wconf 90' lang='lat' dir='ltr'><strong>res</strong></span> <span class='ocrx_word' id='word_1_139' title='bbox 348 2073 515 2140; x_wconf 77' lang='lat' dir='ltr'><strong>formaliter</strong></span> <span class='ocrx_word' id='word_1_140' title='bbox 530 2074 693 2142; x_wconf 86' lang='lat' dir='ltr'><strong>existentes</strong></span> <span class='ocrx_word' id='word_1_141' title='bbox 708 2085 816 2140; x_wconf 91' lang='lat' dir='ltr'><strong>mutuo</strong></span> <span class='ocrx_word' id='word_1_142' title='bbox 831 2085 1039 2161; x_wconf 90' lang='lat' dir='ltr'><strong>opponuntur,</strong></span> <span class='ocrx_word' id='word_1_143' title='bbox 1050 2097 1108 2155; x_wconf 81' lang='lat' dir='ltr'><strong>res,</strong></span> <span class='ocrx_word' id='word_1_144' title='bbox 1123 2075 1208 2140; x_wconf 92' lang='lat' dir='ltr'><strong>utin</strong></span> <span class='ocrx_word' id='word_1_145' title='bbox 1221 2074 1289 2138; x_wconf 86' lang='lat' dir='ltr'><strong>Deo</strong></span> <span class='ocrx_word' id='word_1_146' title='bbox 1304 2081 1389 2154; x_wconf 85' lang='lat' dir='ltr'><strong>sunt,</strong></span> 
     </span>
     <span class='ocr_line' id='line_1_17' title="bbox 284 2183 1389 2272; baseline -0.003 -22"><span class='ocrx_word' id='word_1_147' title='bbox 284 2186 403 2250; x_wconf 89' lang='lat' dir='ltr'><strong>nullam</strong></span> <span class='ocrx_word' id='word_1_148' title='bbox 417 2184 532 2250; x_wconf 86' lang='lat' dir='ltr'><strong>habent</strong></span> <span class='ocrx_word' id='word_1_149' title='bbox 546 2187 780 2272; x_wconf 91' lang='lat' dir='ltr'><strong>oppositionem,</strong></span> <span class='ocrx_word' id='word_1_150' title='bbox 796 2209 852 2252; x_wconf 91' lang='lat' dir='ltr'><strong>nec</strong></span> <span class='ocrx_word' id='word_1_151' title='bbox 866 2187 978 2251; x_wconf 87' lang='lat' dir='ltr'><strong>habere</strong></span> <span class='ocrx_word' id='word_1_152' title='bbox 992 2194 1132 2272; x_wconf 83' lang='lat' dir='ltr'><strong>possunt.</strong></span> <span class='ocrx_word' id='word_1_153' title='bbox 1179 2184 1263 2249; x_wconf 89' lang='lat' dir='ltr'><strong>Hinc</strong></span> <span class='ocrx_word' id='word_1_154' title='bbox 1277 2183 1389 2248; x_wconf 85' lang='lat' dir='ltr'><strong>falsum</strong></span> 
     </span>
     <span class='ocr_line' id='line_1_18' title="bbox 287 2297 1391 2384; baseline -0.001 -21"><span class='ocrx_word' id='word_1_155' title='bbox 287 2307 335 2364; x_wconf 89' lang='lat' dir='ltr'><strong>est</strong></span> <span class='ocrx_word' id='word_1_156' title='bbox 349 2297 433 2384; x_wconf 90' lang='lat' dir='ltr'><strong>quod</strong></span> <span class='ocrx_word' id='word_1_157' title='bbox 441 2299 619 2364; x_wconf 80' lang='lat' dir='ltr'><strong>Absolutum</strong></span> <span class='ocrx_word' id='word_1_158' title='bbox 633 2322 685 2363; x_wconf 83' lang='lat' dir='ltr'><strong>uec</strong></span> <span class='ocrx_word' id='word_1_159' title='bbox 698 2301 739 2364; x_wconf 85' lang='lat' dir='ltr'><strong>sit</strong></span> <span class='ocrx_word' id='word_1_160' title='bbox 747 2299 869 2384; x_wconf 76' lang='lat' dir='ltr'><strong>finitum</strong></span> <span class='ocrx_word' id='word_1_161' title='bbox 883 2323 936 2366; x_wconf 82' lang='lat' dir='ltr'><strong>aee</strong></span> <span class='ocrx_word' id='word_1_162' title='bbox 950 2299 1099 2384; x_wconf 79' lang='lat' dir='ltr'><strong>infinitum</strong></span> <span class='ocrx_word' id='word_1_163' title='bbox 1106 2323 1116 2378; x_wconf 70' lang='grc' dir='ltr'><strong><em>ς</em></strong></span> <span class='ocrx_word' id='word_1_164' title='bbox 1136 2298 1208 2384; x_wconf 84' lang='lat' dir='ltr'><strong>quia</strong></span> <span class='ocrx_word' id='word_1_165' title='bbox 1222 2321 1270 2362; x_wconf 88' lang='lat' dir='ltr'><strong>res</strong></span> <span class='ocrx_word' id='word_1_166' title='bbox 1284 2297 1391 2378; x_wconf 69' lang='lat' dir='ltr'><strong>finitae,</strong></span> 
     </span>
     <span class='ocr_line' id='line_1_19' title="bbox 288 2409 1391 2495; baseline 0 -22"><span class='ocrx_word' id='word_1_167' title='bbox 288 2432 385 2495; x_wconf 91' lang='lat' dir='ltr'><strong>quum</strong></span> <span class='ocrx_word' id='word_1_168' title='bbox 400 2431 463 2474; x_wconf 91' lang='lat' dir='ltr'><strong>non</strong></span> <span class='ocrx_word' id='word_1_169' title='bbox 485 2411 702 2476; x_wconf 86' lang='lat' dir='ltr'><strong>contineantur</strong></span> <span class='ocrx_word' id='word_1_170' title='bbox 723 2411 756 2475; x_wconf 90' lang='lat' dir='ltr'><strong>in</strong></span> <span class='ocrx_word' id='word_1_171' title='bbox 771 2410 839 2475; x_wconf 91' lang='lat' dir='ltr'><strong>Deo</strong></span> <span class='ocrx_word' id='word_1_172' title='bbox 854 2411 912 2475; x_wconf 90' lang='lat' dir='ltr'><strong>sub</strong></span> <span class='ocrx_word' id='word_1_173' title='bbox 932 2411 995 2476; x_wconf 88' lang='lat' dir='ltr'><strong>suis</strong></span> <span class='ocrx_word' id='word_1_174' title='bbox 1010 2410 1116 2475; x_wconf 88' lang='lat' dir='ltr'><strong>formis</strong></span> <span class='ocrx_word' id='word_1_175' title='bbox 1133 2410 1239 2490; x_wconf 88' lang='lat' dir='ltr'><strong>finitis,</strong></span> <span class='ocrx_word' id='word_1_176' title='bbox 1255 2409 1310 2474; x_wconf 91' lang='lat' dir='ltr'><strong>sed</strong></span> <span class='ocrx_word' id='word_1_177' title='bbox 1331 2409 1391 2474; x_wconf 87' lang='lat' dir='ltr'><strong>vir-</strong></span> 
     </span>
     <span class='ocr_line' id='line_1_20' title="bbox 288 2495 1392 2603; baseline 0 -17"><span class='ocrx_word' id='word_1_178' title='bbox 288 2522 412 2587; x_wconf 90' lang='lat' dir='ltr'><strong>tualiter</strong></span> <span class='ocrx_word' id='word_1_179' title='bbox 434 2529 465 2587; x_wconf 89' lang='lat' dir='ltr'><strong>et</strong></span> <span class='ocrx_word' id='word_1_180' title='bbox 490 2523 669 2603; x_wconf 89' lang='lat' dir='ltr'><strong>eminenter,</strong></span> <span class='ocrx_word' id='word_1_181' title='bbox 684 2522 771 2587; x_wconf 91' lang='lat' dir='ltr'><strong>nullo</strong></span> <span class='ocrx_word' id='word_1_182' title='bbox 793 2522 885 2587; x_wconf 88' lang='lat' dir='ltr'><strong>modo</strong></span> <span class='ocrx_word' id='word_1_183' title='bbox 906 2523 1078 2603; x_wconf 85' lang='lat' dir='ltr'><strong>vulnerant,</strong></span> <span class='ocrx_word' id='word_1_184' title='bbox 1103 2495 1156 2588; x_wconf 85' lang='lat' dir='ltr'><strong>aiut</strong></span> <span class='ocrx_word' id='word_1_185' title='bbox 1178 2522 1392 2602; x_wconf 82' lang='lat' dir='ltr'><strong>neutralizant,</strong></span> 
     </span>
     <span class='ocr_line' id='line_1_21' title="bbox 290 2633 1392 2719; baseline 0.001 -22"><span class='ocrx_word' id='word_1_186' title='bbox 290 2633 425 2697; x_wconf 89' lang='lat' dir='ltr'><strong>divinam</strong></span> <span class='ocrx_word' id='word_1_187' title='bbox 448 2633 642 2699; x_wconf 88' lang='lat' dir='ltr'><strong>infinitatem.</strong></span> <span class='ocrx_word' id='word_1_188' title='bbox 689 2633 739 2699; x_wconf 81' lang='lat' dir='ltr'><strong>Sic</strong></span> <span class='ocrx_word' id='word_1_189' title='bbox 761 2656 797 2698; x_wconf 85' lang='lat' dir='ltr'><strong>ex</strong></span> <span class='ocrx_word' id='word_1_190' title='bbox 816 2656 852 2698; x_wconf 91' lang='lat' dir='ltr'><strong>ec</strong></span> <span class='ocrx_word' id='word_1_191' title='bbox 874 2634 1013 2719; x_wconf 88' lang='lat' dir='ltr'><strong>quadiu</strong></span> <span class='ocrx_word' id='word_1_192' title='bbox 1038 2633 1137 2719; x_wconf 90' lang='lat' dir='ltr'><strong>spatio</strong></span> <span class='ocrx_word' id='word_1_193' title='bbox 1158 2633 1299 2698; x_wconf 91' lang='lat' dir='ltr'><strong>absoluto</strong></span> <span class='ocrx_word' id='word_1_194' title='bbox 1319 2655 1392 2698; x_wconf 89' lang='lat' dir='ltr'><strong>eon·</strong></span> 
     </span>
     <span class='ocr_line' id='line_1_22' title="bbox 290 2743 1394 2831; baseline 0.001 -22"><span class='ocrx_word' id='word_1_195' title='bbox 290 2745 427 2810; x_wconf 86' lang='lat' dir='ltr'><strong>tineatur</strong></span> <span class='ocrx_word' id='word_1_196' title='bbox 439 2743 517 2810; x_wconf 87' lang='lat' dir='ltr'><strong>ratic</strong></span> <span class='ocrx_word' id='word_1_197' title='bbox 539 2746 678 2810; x_wconf 86' lang='lat' dir='ltr'><strong>eminens</strong></span> <span class='ocrx_word' id='word_1_198' title='bbox 692 2745 832 2810; x_wconf 90' lang='lat' dir='ltr'><strong>omnium</strong></span> <span class='ocrx_word' id='word_1_199' title='bbox 847 2747 1015 2831; x_wconf 86' lang='lat' dir='ltr'><strong>figurarum</strong></span> <span class='ocrx_word' id='word_1_200' title='bbox 1030 2745 1198 2827; x_wconf 88' lang='lat' dir='ltr'><strong>finitarum,</strong></span> <span class='ocrx_word' id='word_1_201' title='bbox 1213 2768 1305 2810; x_wconf 89' lang='lat' dir='ltr'><strong>nemo</strong></span> <span class='ocrx_word' id='word_1_202' title='bbox 1322 2767 1394 2810; x_wconf 90' lang='lat' dir='ltr'><strong>ecn-</strong></span> 
     </span>
     <span class='ocr_line' id='line_1_23' title="bbox 290 2856 1285 2941; baseline 0 -20"><span class='ocrx_word' id='word_1_203' title='bbox 290 2856 404 2937; x_wconf 89' lang='lat' dir='ltr'><strong>cludet,</strong></span> <span class='ocrx_word' id='word_1_204' title='bbox 420 2858 553 2941; x_wconf 88' lang='lat' dir='ltr'><strong>spatium</strong></span> <span class='ocrx_word' id='word_1_205' title='bbox 569 2857 744 2922; x_wconf 89' lang='lat' dir='ltr'><strong>absolutum</strong></span> <span class='ocrx_word' id='word_1_206' title='bbox 759 2879 816 2924; x_wconf 88' lang='lat' dir='ltr'><strong>nec</strong></span> <span class='ocrx_word' id='word_1_207' title='bbox 830 2880 896 2923; x_wconf 86' lang='lat' dir='ltr'><strong>esse</strong></span> <span class='ocrx_word' id='word_1_208' title='bbox 909 2859 1033 2923; x_wconf 87' lang='lat' dir='ltr'><strong>finitum</strong></span> <span class='ocrx_word' id='word_1_209' title='bbox 1047 2880 1104 2922; x_wconf 87' lang='lat' dir='ltr'><strong>neo</strong></span> <span class='ocrx_word' id='word_1_210' title='bbox 1119 2857 1285 2922; x_wconf 89' lang='lat' dir='ltr'><strong>infinitum.</strong></span> 
     </span>
     <span class='ocr_line' id='line_1_24' title="bbox 302 2953 1396 3052; baseline 0 -20"><span class='ocrx_word' id='word_1_211' title='bbox 302 2953 303 2956; x_wconf 8' lang='grc' dir='ltr'><strong>Ἴ</strong></span> <span class='ocrx_word' id='word_1_212' title='bbox 336 2968 445 3052; x_wconf 86' lang='lat' dir='ltr'><strong>Itaque</strong></span> <span class='ocrx_word' id='word_1_213' title='bbox 459 2968 546 3032; x_wconf 88' lang='lat' dir='ltr'><strong>Deus</strong></span> <span class='ocrx_word' id='word_1_214' title='bbox 568 2976 616 3032; x_wconf 90' lang='lat' dir='ltr'><strong>est</strong></span> <span class='ocrx_word' id='word_1_215' title='bbox 628 2955 717 3032; x_wconf 82' lang='lat' dir='ltr'><strong>uuum</strong></span> <span class='ocrx_word' id='word_1_216' title='bbox 731 2978 761 3033; x_wconf 88' lang='lat' dir='ltr'><strong>et</strong></span> <span class='ocrx_word' id='word_1_217' title='bbox 775 2971 890 3034; x_wconf 81' lang='lat' dir='ltr'><strong>omnio:</strong></span> <span class='ocrx_word' id='word_1_218' title='bbox 913 2968 967 3034; x_wconf 90' lang='lat' dir='ltr'><strong>sed</strong></span> <span class='ocrx_word' id='word_1_219' title='bbox 986 2987 1085 3033; x_wconf 87' lang='lat' dir='ltr'><strong>unum</strong></span> <span class='ocrx_word' id='word_1_220' title='bbox 1099 2968 1276 3048; x_wconf 85' lang='lat' dir='ltr'><strong>formaliter,</strong></span> <span class='ocrx_word' id='word_1_221' title='bbox 1292 2968 1396 3033; x_wconf 90' lang='lat' dir='ltr'><strong>omnia</strong></span> 
     </span>
     <span class='ocr_line' id='line_1_25' title="bbox 292 3079 1395 3166; baseline 0.002 -24"><span class='ocrx_word' id='word_1_222' title='bbox 292 3079 448 3143; x_wconf 84' lang='lat' dir='ltr'><strong>fontaliter</strong></span> <span class='ocrx_word' id='word_1_223' title='bbox 468 3087 499 3142; x_wconf 88' lang='lat' dir='ltr'><strong>et</strong></span> <span class='ocrx_word' id='word_1_224' title='bbox 514 3079 693 3145; x_wconf 89' lang='lat' dir='ltr'><strong>eminenter.</strong></span> <span class='ocrx_word' id='word_1_225' title='bbox 736 3080 794 3144; x_wconf 81' lang='lat' dir='ltr'><strong>llrt</strong></span> <span class='ocrx_word' id='word_1_226' title='bbox 815 3080 858 3161; x_wconf 91' lang='lat' dir='ltr'><strong>id,</strong></span> <span class='ocrx_word' id='word_1_227' title='bbox 874 3081 907 3144; x_wconf 93' lang='lat' dir='ltr'><strong>in</strong></span> <span class='ocrx_word' id='word_1_228' title='bbox 930 3102 991 3166; x_wconf 91' lang='lat' dir='ltr'><strong>quo</strong></span> <span class='ocrx_word' id='word_1_229' title='bbox 1011 3079 1239 3145; x_wconf 87' lang='lat' dir='ltr'><strong>identificantor</strong></span> <span class='ocrx_word' id='word_1_230' title='bbox 1253 3083 1395 3146; x_wconf 62' lang='lat' dir='ltr'><strong>eductum</strong></span> 
     </span>
     <span class='ocr_line' id='line_1_26' title="bbox 293 3191 1395 3276; baseline 0.001 -21"><span class='ocrx_word' id='word_1_231' title='bbox 293 3200 322 3255; x_wconf 86' lang='lat' dir='ltr'><strong>el</strong></span> <span class='ocrx_word' id='word_1_232' title='bbox 336 3193 504 3272; x_wconf 70' lang='lat' dir='ltr'><strong>melcolm,</strong></span> <span class='ocrx_word' id='word_1_233' title='bbox 519 3193 642 3276; x_wconf 77' lang='lat' dir='ltr'><strong>spiritus</strong></span> <span class='ocrx_word' id='word_1_234' title='bbox 656 3201 685 3256; x_wconf 86' lang='lat' dir='ltr'><strong>et</strong></span> <span class='ocrx_word' id='word_1_235' title='bbox 699 3201 817 3274; x_wconf 81' lang='lat' dir='ltr'><strong>autore,</strong></span> <span class='ocrx_word' id='word_1_236' title='bbox 832 3201 901 3272; x_wconf 71' lang='lat' dir='ltr'><strong>ete,</strong></span> <span class='ocrx_word' id='word_1_237' title='bbox 917 3191 1085 3256; x_wconf 87' lang='lat' dir='ltr'><strong>dummodo</strong></span> <span class='ocrx_word' id='word_1_238' title='bbox 1103 3192 1256 3258; x_wconf 85' lang='lat' dir='ltr'><strong>obiectum</strong></span> <span class='ocrx_word' id='word_1_239' title='bbox 1275 3201 1306 3258; x_wconf 92' lang='lat' dir='ltr'><strong>et</strong></span> <span class='ocrx_word' id='word_1_240' title='bbox 1324 3192 1395 3257; x_wconf 88' lang='lat' dir='ltr'><strong>sub-</strong></span> 
     </span>
     <span class='ocr_line' id='line_1_27' title="bbox 293 3302 1397 3391; baseline 0.004 -25"><span class='ocrx_word' id='word_1_241' title='bbox 293 3304 416 3383; x_wconf 85' lang='lat' dir='ltr'><strong>iactum,</strong></span> <span class='ocrx_word' id='word_1_242' title='bbox 432 3302 557 3386; x_wconf 90' lang='lat' dir='ltr'><strong>spiritus</strong></span> <span class='ocrx_word' id='word_1_243' title='bbox 572 3312 603 3368; x_wconf 91' lang='lat' dir='ltr'><strong>et</strong></span> <span class='ocrx_word' id='word_1_244' title='bbox 618 3313 737 3384; x_wconf 88' lang='lat' dir='ltr'><strong>natura,</strong></span> <span class='ocrx_word' id='word_1_245' title='bbox 753 3313 811 3370; x_wconf 90' lang='lat' dir='ltr'><strong>etc.</strong></span> <span class='ocrx_word' id='word_1_246' title='bbox 828 3303 1017 3391; x_wconf 86' lang='lat' dir='ltr'><strong>accipiantur</strong></span> <span class='ocrx_word' id='word_1_247' title='bbox 1030 3327 1094 3369; x_wconf 90' lang='lat' dir='ltr'><strong>non</strong></span> <span class='ocrx_word' id='word_1_248' title='bbox 1109 3314 1145 3370; x_wconf 93' lang='lat' dir='ltr'><strong>ut</strong></span> <span class='ocrx_word' id='word_1_249' title='bbox 1165 3313 1239 3370; x_wconf 87' lang='lat' dir='ltr'><strong>aunt</strong></span> <span class='ocrx_word' id='word_1_250' title='bbox 1254 3304 1312 3369; x_wconf 86' lang='lat' dir='ltr'><strong>sub</strong></span> <span class='ocrx_word' id='word_1_251' title='bbox 1326 3327 1397 3390; x_wconf 87' lang='lat' dir='ltr'><strong>pro·</strong></span> 
     </span>
     <span class='ocr_line' id='line_1_28' title="bbox 199 3414 1398 3502; baseline 0.007 -28"><span class='ocrx_word' id='word_1_252' title='bbox 199 3470 201 3474; x_wconf 85' lang='lat'>.</span> <span class='ocrx_word' id='word_1_253' title='bbox 293 3415 371 3500; x_wconf 88' lang='lat' dir='ltr'><strong>priis</strong></span> <span class='ocrx_word' id='word_1_254' title='bbox 391 3414 519 3494; x_wconf 84' lang='lat' dir='ltr'><strong>actibus,</strong></span> <span class='ocrx_word' id='word_1_255' title='bbox 536 3414 649 3500; x_wconf 88' lang='lat' dir='ltr'><strong>quibus</strong></span> <span class='ocrx_word' id='word_1_256' title='bbox 663 3414 832 3481; x_wconf 85' lang='lat' dir='ltr'><strong>formaliter</strong></span> <span class='ocrx_word' id='word_1_257' title='bbox 853 3418 1095 3498; x_wconf 85' lang='lat' dir='ltr'><strong>constituuntur,</strong></span> <span class='ocrx_word' id='word_1_258' title='bbox 1112 3417 1166 3482; x_wconf 91' lang='lat' dir='ltr'><strong>sed</strong></span> <span class='ocrx_word' id='word_1_259' title='bbox 1180 3425 1272 3502; x_wconf 88' lang='lat' dir='ltr'><strong>prout</strong></span> <span class='ocrx_word' id='word_1_260' title='bbox 1290 3417 1398 3482; x_wconf 90' lang='lat' dir='ltr'><strong>dieunt</strong></span> 
     </span>
     <span class='ocr_line' id='line_1_29' title="bbox 296 3526 1399 3616; baseline 0.004 -26"><span class='ocrx_word' id='word_1_261' title='bbox 296 3526 459 3590; x_wconf 84' lang='lat' dir='ltr'><strong>essentiam</strong></span> <span class='ocrx_word' id='word_1_262' title='bbox 487 3526 621 3592; x_wconf 88' lang='lat' dir='ltr'><strong>divinam</strong></span> <span class='ocrx_word' id='word_1_263' title='bbox 649 3551 704 3594; x_wconf 87' lang='lat' dir='ltr'><strong>sua</strong></span> <span class='ocrx_word' id='word_1_264' title='bbox 729 3529 895 3594; x_wconf 85' lang='lat' dir='ltr'><strong>eminentia</strong></span> <span class='ocrx_word' id='word_1_265' title='bbox 919 3529 980 3594; x_wconf 88' lang='lat' dir='ltr'><strong>illis</strong></span> <span class='ocrx_word' id='word_1_266' title='bbox 1006 3529 1149 3594; x_wconf 91' lang='lat' dir='ltr'><strong>omnibus</strong></span> <span class='ocrx_word' id='word_1_267' title='bbox 1175 3538 1244 3595; x_wconf 86' lang='lat' dir='ltr'><strong>actu</strong></span> <span class='ocrx_word' id='word_1_268' title='bbox 1268 3529 1399 3616; x_wconf 70' lang='lat' dir='ltr'><strong>requiva-</strong></span> 
     </span>
     <span class='ocr_line' id='line_1_30' title="bbox 296 3639 1399 3725; baseline 0.004 -23"><span class='ocrx_word' id='word_1_269' title='bbox 296 3639 429 3704; x_wconf 84' lang='lat' dir='ltr'><strong>lentem:</strong></span> <span class='ocrx_word' id='word_1_270' title='bbox 451 3647 530 3719; x_wconf 83' lang='lat' dir='ltr'><strong>actu,</strong></span> <span class='ocrx_word' id='word_1_271' title='bbox 539 3640 676 3725; x_wconf 89' lang='lat' dir='ltr'><strong>inquam,</strong></span> <span class='ocrx_word' id='word_1_272' title='bbox 687 3663 751 3722; x_wconf 81' lang='lat' dir='ltr'><strong>suo,</strong></span> <span class='ocrx_word' id='word_1_273' title='bbox 762 3664 826 3706; x_wconf 90' lang='lat' dir='ltr'><strong>non</strong></span> <span class='ocrx_word' id='word_1_274' title='bbox 841 3641 960 3708; x_wconf 87' lang='lat' dir='ltr'><strong>actibus</strong></span> <span class='ocrx_word' id='word_1_275' title='bbox 973 3640 1153 3708; x_wconf 83' lang='lat' dir='ltr'><strong>formalibus</strong></span> <span class='ocrx_word' id='word_1_276' title='bbox 1167 3663 1280 3706; x_wconf 90' lang='lat' dir='ltr'><strong>rerum.</strong></span> <span class='ocrx_word' id='word_1_277' title='bbox 1308 3641 1399 3719; x_wconf 82' lang='lat' dir='ltr'><strong>Quod</strong></span> 
     </span>
     <span class='ocr_line' id='line_1_31' title="bbox 297 3751 1399 3837; baseline 0.004 -23"><span class='ocrx_word' id='word_1_278' title='bbox 297 3759 400 3815; x_wconf 90' lang='lat' dir='ltr'><strong>autem</strong></span> <span class='ocrx_word' id='word_1_279' title='bbox 414 3773 476 3824; x_wconf 80' lang='lat' dir='ltr'><strong>esse</strong></span> <span class='ocrx_word' id='word_1_280' title='bbox 496 3759 527 3815; x_wconf 91' lang='lat' dir='ltr'><strong>et</strong></span> <span class='ocrx_word' id='word_1_281' title='bbox 541 3754 626 3831; x_wconf 82' lang='lat' dir='ltr'><strong>scire,</strong></span> <span class='ocrx_word' id='word_1_282' title='bbox 642 3753 734 3816; x_wconf 84' lang='lat' dir='ltr'><strong>ideole</strong></span> <span class='ocrx_word' id='word_1_283' title='bbox 748 3760 779 3817; x_wconf 95' lang='lat' dir='ltr'><strong>et</strong></span> <span class='ocrx_word' id='word_1_284' title='bbox 793 3753 872 3817; x_wconf 83' lang='lat' dir='ltr'><strong>reale</strong></span> <span class='ocrx_word' id='word_1_285' title='bbox 890 3751 924 3816; x_wconf 92' lang='lat' dir='ltr'><strong>in</strong></span> <span class='ocrx_word' id='word_1_286' title='bbox 939 3752 1006 3837; x_wconf 86' lang='lat' dir='ltr'><strong>ipso</strong></span> <span class='ocrx_word' id='word_1_287' title='bbox 1027 3752 1180 3817; x_wconf 81' lang='lat' dir='ltr'><strong>Absoluto</strong></span> <span class='ocrx_word' id='word_1_288' title='bbox 1195 3753 1258 3818; x_wconf 91' lang='lat' dir='ltr'><strong>sint</strong></span> <span class='ocrx_word' id='word_1_289' title='bbox 1279 3753 1399 3818; x_wconf 87' lang='lat' dir='ltr'><strong>realiter</strong></span> 
     </span>
     <span class='ocr_line' id='line_1_32' title="bbox 297 3859 1400 3948; baseline 0.004 -22"><span class='ocrx_word' id='word_1_290' title='bbox 297 3861 389 3942; x_wconf 92' lang='lat' dir='ltr'><strong>idem,</strong></span> <span class='ocrx_word' id='word_1_291' title='bbox 400 3861 459 3926; x_wconf 87' lang='lat' dir='ltr'><strong>hoe</strong></span> <span class='ocrx_word' id='word_1_292' title='bbox 470 3859 535 3926; x_wconf 89' lang='lat' dir='ltr'><strong>sine</strong></span> <span class='ocrx_word' id='word_1_293' title='bbox 550 3861 728 3928; x_wconf 86' lang='lat' dir='ltr'><strong>difficultate</strong></span> <span class='ocrx_word' id='word_1_294' title='bbox 737 3863 923 3944; x_wconf 90' lang='lat' dir='ltr'><strong>conceditur,</strong></span> <span class='ocrx_word' id='word_1_295' title='bbox 935 3885 1033 3948; x_wconf 90' lang='lat' dir='ltr'><strong>quum</strong></span> <span class='ocrx_word' id='word_1_296' title='bbox 1044 3863 1130 3928; x_wconf 92' lang='lat' dir='ltr'><strong>Deus</strong></span> <span class='ocrx_word' id='word_1_297' title='bbox 1146 3863 1185 3928; x_wconf 87' lang='lat' dir='ltr'><strong>sit</strong></span> <span class='ocrx_word' id='word_1_298' title='bbox 1198 3887 1253 3930; x_wconf 90' lang='lat' dir='ltr'><strong>sua</strong></span> <span class='ocrx_word' id='word_1_299' title='bbox 1264 3865 1400 3944; x_wconf 87' lang='lat' dir='ltr'><strong>scientia,</strong></span> 
     </span>
     <span class='ocr_line' id='line_1_33' title="bbox 297 3973 1223 4054; baseline 0.004 -18"><span class='ocrx_word' id='word_1_300' title='bbox 297 3996 352 4037; x_wconf 90' lang='lat' dir='ltr'><strong>sua</strong></span> <span class='ocrx_word' id='word_1_301' title='bbox 366 3973 508 4054; x_wconf 90' lang='lat' dir='ltr'><strong>essentia,</strong></span> <span class='ocrx_word' id='word_1_302' title='bbox 524 3996 614 4037; x_wconf 91' lang='lat' dir='ltr'><strong>suum</strong></span> <span class='ocrx_word' id='word_1_303' title='bbox 629 3995 704 4053; x_wconf 87' lang='lat' dir='ltr'><strong>esse,</strong></span> <span class='ocrx_word' id='word_1_304' title='bbox 720 3996 776 4038; x_wconf 89' lang='lat' dir='ltr'><strong>sua</strong></span> <span class='ocrx_word' id='word_1_305' title='bbox 790 3974 921 4054; x_wconf 83' lang='lat' dir='ltr'><strong>realitas,</strong></span> <span class='ocrx_word' id='word_1_306' title='bbox 936 3983 973 4038; x_wconf 92' lang='lat' dir='ltr'><strong>ut</strong></span> <span class='ocrx_word' id='word_1_307' title='bbox 987 3996 1094 4039; x_wconf 86' lang='lat' dir='ltr'><strong>omnes</strong></span> <span class='ocrx_word' id='word_1_308' title='bbox 1110 3976 1223 4040; x_wconf 84' lang='lat' dir='ltr'><strong>sciunt.</strong></span> 
     </span>
    </p>

    <p class='ocr_par' dir='ltr' id='par_1_3' title="bbox 298 4085 1402 4392">
     <span class='ocr_line' id='line_1_34' title="bbox 341 4085 1400 4172; baseline 0.001 -23"><span class='ocrx_word' id='word_1_309' title='bbox 341 4088 394 4150; x_wconf 79' lang='lat'><strong>21.</strong></span> <span class='ocrx_word' id='word_1_310' title='bbox 419 4085 481 4149; x_wconf 85' lang='lat' dir='ltr'><strong>Sed</strong></span> <span class='ocrx_word' id='word_1_311' title='bbox 496 4085 653 4149; x_wconf 89' lang='lat' dir='ltr'><strong>veniamus</strong></span> <span class='ocrx_word' id='word_1_312' title='bbox 672 4086 734 4150; x_wconf 88' lang='lat' dir='ltr'><strong>iam</strong></span> <span class='ocrx_word' id='word_1_313' title='bbox 755 4086 795 4150; x_wconf 91' lang='lat' dir='ltr'><strong>ad</strong></span> <span class='ocrx_word' id='word_1_314' title='bbox 816 4085 898 4172; x_wconf 89' lang='lat' dir='ltr'><strong>ipsas</strong></span> <span class='ocrx_word' id='word_1_315' title='bbox 917 4086 1121 4170; x_wconf 79' lang='lat' dir='ltr'><strong>apparitiones</strong></span> <span class='ocrx_word' id='word_1_316' title='bbox 1135 4086 1280 4152; x_wconf 86' lang='lat' dir='ltr'><strong>Absoluti</strong></span> <span class='ocrx_word' id='word_1_317' title='bbox 1302 4086 1400 4152; x_wconf 86' lang='lat' dir='ltr'><strong>sohel-</strong></span> 
     </span>
     <span class='ocr_line' id='line_1_35' title="bbox 298 4196 1402 4283; baseline 0.003 -22"><span class='ocrx_word' id='word_1_318' title='bbox 298 4197 427 4281; x_wconf 83' lang='lat' dir='ltr'><strong>lingiani</strong></span> <span class='ocrx_word' id='word_1_319' title='bbox 442 4219 474 4260; x_wconf 88' lang='lat' dir='ltr'><strong>se</strong></span> <span class='ocrx_word' id='word_1_320' title='bbox 489 4196 551 4261; x_wconf 29' lang='lat' dir='ltr'><strong>suba</strong></span> <span class='ocrx_word' id='word_1_321' title='bbox 562 4196 689 4262; x_wconf 86' lang='lat' dir='ltr'><strong>diversis</strong></span> <span class='ocrx_word' id='word_1_322' title='bbox 704 4197 877 4283; x_wconf 87' lang='lat' dir='ltr'><strong>aspectibus</strong></span> <span class='ocrx_word' id='word_1_323' title='bbox 894 4198 1119 4264; x_wconf 87' lang='lat' dir='ltr'><strong>constituentis.</strong></span> <span class='ocrx_word' id='word_1_324' title='bbox 1168 4199 1248 4264; x_wconf 82' lang='lat' dir='ltr'><strong>siin</strong></span> <span class='ocrx_word' id='word_1_325' title='bbox 1263 4200 1402 4264; x_wconf 87' lang='lat' dir='ltr'><strong>absoluta</strong></span> 
     </span>
     <span class='ocr_line' id='line_1_36' title="bbox 298 4308 1400 4392; baseline 0.005 -20"><span class='ocrx_word' id='word_1_326' title='bbox 298 4309 358 4373; x_wconf 90' lang='lat' dir='ltr'><strong>Dei</strong></span> <span class='ocrx_word' id='word_1_327' title='bbox 373 4309 501 4373; x_wconf 87' lang='lat' dir='ltr'><strong>entitate</strong></span> <span class='ocrx_word' id='word_1_328' title='bbox 516 4308 687 4392; x_wconf 65' lang='lat' dir='ltr'><strong>sonaliter</strong></span> <span class='ocrx_word' id='word_1_329' title='bbox 701 4311 932 4385; x_wconf 84' lang='lat' dir='ltr'><strong>continerentur</strong></span> <span class='ocrx_word' id='word_1_330' title='bbox 951 4311 1063 4392; x_wconf 87' lang='lat' dir='ltr'><strong>omnia,</strong></span> <span class='ocrx_word' id='word_1_331' title='bbox 1079 4311 1158 4377; x_wconf 89' lang='lat' dir='ltr'><strong>nihil</strong></span> <span class='ocrx_word' id='word_1_332' title='bbox 1177 4322 1256 4378; x_wconf 86' lang='lat' dir='ltr'><strong>esset</strong></span> <span class='ocrx_word' id='word_1_333' title='bbox 1270 4313 1400 4392; x_wconf 88' lang='lat' dir='ltr'><strong>facilius,</strong></span> 
     </span>
    </p>
   </div>
   <div class='ocr_carea' id='block_1_3' title="bbox 0 0 1653 4986">
    <p class='ocr_par' dir='ltr' id='par_1_4' title="bbox 0 0 1653 4986">
     <span class='ocr_line' id='line_1_37' title="bbox 0 0 1653 4986; baseline 0 0"><span class='ocrx_word' id='word_1_334' title='bbox 0 0 1653 4986; x_wconf 95' lang='lat' dir='ltr'><strong> </strong></span> 
     </span>
    </p>
   </div>
  </div>
 </body>
</html>
