3212 4986
219 366 290 410 cur.
307 345 362 430 ιι]
697 366 739 408 nr
756 365 830 408 uno.
1274 353 1316 413 41

219 533 298 613 bilis,
315 533 392 598 sicut
410 535 521 620 etipse
543 532 618 597 ordo
633 533 764 612 moralis,
780 534 867 598 cuius
887 532 1072 618 principium
1090 533 1152 598 sive
1166 543 1319 600 remotum

219 645 280 709 sive
303 647 474 730 proximum
495 655 542 710 est
564 646 701 711 absolute
723 646 938 710 necessarium.
985 645 1068 710 Hinc
1084 647 1176 710 etiam
1198 648 1320 714 bonitas

219 756 384 822 intrinseca
406 768 436 822 et
451 759 599 823 obiectiva
614 767 738 822 actuum
760 758 920 822 moralium
935 766 981 821 ert
998 768 1110 824 aeterna
1124 768 1155 823 et
1177 760 1319 826 immuta·

220 866 298 948 bilis,
322 891 419 953 quum
439 868 524 932 nullo
547 868 636 933 modo
660 869 793 953 pendeat
812 892 830 932 a
851 868 946 932 libera
965 869 1024 932 Dei
1045 869 1212 949 voluntate,
1228 872 1282 937 sed
1303 895 1322 935 a

220 979 388 1044 necessaria
400 989 519 1045 tantum
533 1005 539 1045 :
563 989 594 1044 et
605 980 685 1044 idem
699 980 818 1044 dicatur
830 980 867 1044 de
882 980 1200 1046 intrinseceobiectiva
1215 983 1321 1049 morali

221 1091 345 1157 mulitia.

264 1207 316 1268 50.
342 1205 375 1268 Si
389 1205 531 1270 voluntas
546 1204 648 1290 aliqua
667 1204 824 1269 rationalis
844 1213 928 1270 extra
942 1204 1046 1269 Deum
1064 1205 1183 1284 existat,
1199 1207 1320 1274 nullum

220 1317 351 1381 liberum
366 1327 468 1382 actum
485 1329 516 1382 et
531 1319 685 1384 moraliter
701 1317 818 1383 bonum
828 1318 975 1383 obiective
985 1329 1017 1382 et
1029 1319 1194 1384 subiective
1205 1343 1322 1387 exerere

222 1430 343 1514 poterit,
359 1431 413 1515 qui
428 1454 491 1496 non
507 1432 702 1496 contineatur
716 1431 888 1495 eminenter
902 1431 935 1494 in
951 1439 1022 1495 actu
1037 1454 1099 1517 quo
1112 1432 1253 1498 voluntas
1263 1433 1325 1498 Dei

222 1543 389 1628 complacet
405 1543 463 1608 sibi
477 1545 510 1607 in
525 1566 581 1608 sua
594 1543 732 1609 bonitate
747 1551 778 1608 et
793 1543 942 1628 approbat
958 1566 1044 1608 suam
1060 1545 1321 1629 complacentiam.

222 1655 283 1722 Sed
306 1679 401 1742 quum
424 1666 562 1720 creatura
584 1657 680 1743 possit
697 1679 752 1741 per
772 1655 911 1720 accidens
932 1678 1030 1720 errare
1050 1656 1083 1720 in
1104 1656 1268 1723 iudicando
1285 1658 1323 1723 de

222 1768 360 1832 bonitate
389 1768 510 1848 obiecti,
535 1768 647 1854 poterit
677 1790 732 1853 per
760 1767 901 1832 accidens
930 1790 997 1831 esse
1019 1767 1053 1831 in
1077 1777 1214 1833 creatura
1237 1780 1323 1836 actus

221 1879 338 1945 habens
348 1879 507 1945 formalem
521 1880 733 1960 moralitatem,
746 1880 815 1944 licet
828 1879 916 1944 cadat
928 1879 960 1942 in
972 1879 1127 1944 obiectum
1141 1881 1323 1950 indebitum.

223 1993 315 2056 Ratio
328 2000 385 2072 est,
400 1993 473 2077 quia
488 1992 643 2056 materiale
658 2001 745 2056 actus
761 1991 884 2056 moralis
899 1991 1026 2056 involvit
1041 1992 1195 2058 obiectum
1210 2017 1272 2060 non
1288 2006 1324 2061 ut

224 2114 270 2170 est
291 2105 325 2168 in
347 2128 391 2183 se,
407 2105 461 2168 sed
482 2113 518 2168 ut
540 2115 587 2169 est
606 2104 765 2188 cognitum
783 2105 906 2188 agenti:
929 2105 1028 2189 posito
1046 2105 1143 2189 igitur
1160 2128 1259 2171 errore
1277 2109 1323 2172 ina·

224 2217 363 2282 tellectus
385 2216 563 2296 invincibili,
579 2217 706 2281 affectus
729 2223 896 2300 spontanee
913 2215 1066 2280 resultans
1088 2241 1124 2280 ex
1150 2219 1325 2302 cognitione

225 2353 349 2394 erronea
357 2337 404 2393 est
416 2329 663 2414 proportionatae
676 2329 915 2392 manifestationi
926 2327 1008 2407 boni,
1021 2336 1051 2391 et
1063 2327 1184 2393 duratio
1199 2307 1325 2399 allectus

224 2442 403 2520 voluntaria,
422 2441 455 2504 id
477 2449 524 2505 est
546 2463 617 2505 cum
640 2441 838 2518 advertentis,
862 2448 908 2504 est
926 2439 1030 2504 volitio
1053 2440 1215 2525 adaequans
1237 2443 1325 2510 boni·

225 2563 319 2619 tatem
340 2554 494 2638 cognitam
514 2553 546 2617 in
567 2552 706 2616 obiecto:
736 2553 769 2615 in
789 2574 849 2636 qua
869 2551 1079 2636 adaequatione
1101 2553 1239 2619 consistit
1260 2555 1326 2623 eius

225 2666 380 2731 moralitas
398 2665 545 2730 formalis.
591 2666 688 2729 Actus
705 2664 873 2728 formaliter
889 2664 1037 2727 honestus
1057 2665 1233 2730 continetur
1250 2670 1325 2733 emi·

226 2787 344 2843 menter
366 2778 398 2841 in
414 2786 485 2842 actu
501 2799 562 2861 quo
576 2776 663 2840 Deus
679 2785 760 2842 amat
776 2799 818 2856 sc,
833 2785 864 2840 et
879 2775 961 2840 videt
977 2799 1009 2840 se
1024 2785 1178 2841 amantem
1193 2787 1224 2843 et
1239 2781 1325 2866 quie·

226 2893 285 2957 scit
307 2892 437 2956 scienter
458 2891 491 2954 in
510 2910 613 2953 amore
629 2888 687 2969 sui,
703 2887 787 2973 quod
805 2896 852 2952 est
870 2887 1038 2972 approbare
1058 2911 1090 2952 se
1109 2899 1274 2971 amantem,
1289 2902 1327 2958 ut

227 3003 345 3068 dictum
363 3010 420 3067 est.
467 3000 541 3064 Haec
559 3009 661 3064 autem
677 2999 711 3063 in
725 2998 794 3063 Deo
810 3021 873 3063 non
889 3007 961 3062 sunt
977 2998 1131 3079 distincta,
1148 3001 1202 3065 sed
1217 3025 1327 3083 unum,

227 3124 258 3179 et
280 3113 419 3199 praebent
441 3113 595 3197 exemplar
616 3134 821 3196 eorumquae
842 3111 876 3174 in
897 3111 1054 3176 voluntate
1075 3111 1165 3176 finita
1185 3113 1328 3181 distincte

227 3228 307 3291 fiunt
316 3253 326 3306 ς
349 3225 449 3311 primo
464 3224 557 3304 enim,
568 3224 726 3309 proposito
741 3223 870 3302 obiecto,
886 3245 982 3309 eoque
998 3223 1123 3308 cognito
1139 3225 1196 3289 sub
1211 3226 1329 3291 ratione

227 3338 311 3418 boni,
327 3337 470 3402 voluntas
488 3335 662 3421 prorumpit
680 3335 713 3399 in
733 3343 836 3400 ectum
853 3334 1015 3413 directum,
1031 3335 1085 3419 qui
1100 3343 1147 3399 est
1161 3338 1330 3402 necessaria

228 3449 387 3515 resultatio
407 3456 437 3512 et
460 3447 600 3511 naturale
620 3445 880 3530 complementum
900 3445 1085 3529 cognitionis
1104 3446 1237 3512 habitae:
1260 3458 1329 3513 tum

228 3561 358 3628 advertit
384 3569 415 3624 et
438 3559 495 3623 scit
522 3581 554 3622 se
580 3581 645 3622 esse
671 3567 825 3621 amantem
850 3566 922 3621 actu
942 3556 1003 3621 tale
1020 3556 1173 3622 obiectum
1196 3559 1254 3624 sub
1274 3561 1330 3626 tali

229 3674 347 3738 ratione
359 3671 453 3735 boni:
475 3678 544 3735 tum
558 3669 660 3750 posita
673 3669 731 3732 hac
745 3668 935 3733 advertentis
950 3669 1079 3754 quiescit
1094 3669 1201 3734 reflexe
1221 3671 1254 3734 in
1274 3695 1331 3736 sua

230 3787 448 3874 complacentia
477 3786 515 3851 dc
544 3785 598 3849 tali
627 3784 754 3863 obiect0,
776 3807 830 3848 seu
859 3785 967 3848 reflexe
993 3786 1144 3849 consentit
1170 3808 1225 3849 suo
1248 3788 1331 3852 actui

231 3901 355 3980 directo,
367 3908 402 3963 ut
414 3898 485 3962 alibi
497 3896 677 3982 explicatum
688 3904 751 3960 est:
776 3898 829 3980 qui
845 3918 1010 3960 consensus
1025 3905 1070 3960 est
1085 3896 1206 3980 proprie
1217 3897 1330 3965 volitio.

275 4015 326 4076 51.
343 4012 452 4090 Actus,
464 4031 525 4095 quo
537 4008 675 4073 voluntas
685 4007 784 4092 primo
793 4007 991 4072 constituitur
1005 4008 1038 4071 in
1050 4029 1115 4070 esse
1127 4007 1331 4091 substantiali,

232 4133 278 4190 est
292 4121 459 4187 necessario
474 4121 575 4184 bonus
588 4129 618 4183 et
633 4119 791 4198 honestus,
807 4141 903 4204 quum
927 4120 967 4183 sit
988 4119 1137 4182 terminus
1157 4119 1333 4188 immediate

233 4237 401 4300 terminans
424 4241 526 4297 actum
553 4232 613 4295 Dei
635 4229 811 4310 creativum,
838 4231 892 4316 qui
916 4230 1083 4294 necessario
1106 4230 1207 4295 bonus
1230 4243 1277 4297 est
1302 4246 1333 4299 et

201 4411 204 4416 .
233 4356 356 4411 sanctus
364 4371 374 4424 3
398 4367 460 4408 non
472 4351 575 4409 autem
587 4342 687 4407 bonus
696 4351 774 4407 esset
790 4352 820 4407 et
836 4352 970 4422 sanctus,
984 4342 1009 4407 si
1024 4342 1089 4406 eius
1105 4344 1255 4409 terminus
1269 4368 1332 4410 nou
