3240 4986
236 373 308 418 cnr.
325 353 365 438 1.]
678 375 721 418 nu
738 376 870 422 nunno·
1291 359 1346 424 9⁷·
1431 419 1432 422 ,

235 542 376 608 cedenter
391 543 430 608 ad
444 543 571 625 obiecta,
587 552 617 609 et
637 547 846 612 consideratur
868 545 925 611 snb
943 547 1118 633 praecisione
1139 548 1178 613 ab
1196 547 1332 614 obiectis.

236 653 390 738 Cogitatio
405 655 448 719 sic
462 665 585 740 puroet
600 656 809 741 impersonalis
824 666 887 722 non
902 667 948 723 est
962 658 1022 722 nisi
1039 659 1194 744 quoddam
1212 660 1333 726 nniver-

236 766 306 845 sale,
334 789 388 830 seu
413 769 491 831 ratio
516 771 753 851 representative
776 773 852 834 eutis
876 769 1119 835 indeterminate.
1165 771 1234 836 Hoc
1263 771 1334 836 uni·

236 878 358 957 versele,
373 879 459 942 iuxta
474 879 584 964 Hegel,
599 880 635 943 fit
650 879 815 963 singulare,
830 889 861 945 et
875 881 911 945 fit
930 881 1033 946 omnia
1051 881 1226 966 singularia,
1242 892 1333 967 prout

235 987 455 1054 determinatur
483 990 560 1055 ratio
585 991 665 1056 entis
694 993 911 1076 representati
924 991 981 1056 sub
1004 993 1102 1056 forma
1127 992 1231 1057 finita:
1255 993 1334 1057 sicut

235 1101 411 1166 humanitas
440 1103 617 1168 universalis
646 1103 681 1167 fit
711 1103 874 1188 singularis
904 1112 994 1188 prout
1020 1113 1253 1188 repraeaentatur
1276 1105 1334 1169 sub

235 1213 334 1279 forma
359 1215 491 1279 Socratis
520 1223 574 1279 aut
599 1215 745 1280 Platonis.
791 1215 875 1280 Hinc
903 1225 1039 1301 apparet,
1071 1216 1171 1302 Hegel
1201 1216 1332 1281 abusum

235 1327 329 1391 fuisse
351 1326 468 1391 theoria
489 1334 642 1391 asserente
664 1327 831 1392 universale
845 1327 995 1391 contineri
1014 1328 1332 1404 findementalitcrin

236 1437 452 1521 singularibus,
475 1445 519 1501 et'
535 1437 684 1523 accepisse
712 1446 870 1524 tamquam
894 1439 1026 1503 existens
1049 1439 1185 1504 realitate
1210 1439 1334 1526 physica

235 1548 313 1612 illud
332 1547 501 1613 universale
518 1547 600 1634 qnod
618 1570 681 1612 non
696 1547 779 1613 aliud
794 1571 859 1614 esse
873 1549 934 1613 nisi
947 1549 1081 1634 logicum
1096 1549 1208 1615 habere
1221 1559 1332 1635 potest.

237 1659 384 1724 Similiter
404 1659 591 1744 loquendum
614 1668 693 1724 esset
711 1660 749 1724 de
764 1661 956 1745 pantheismo
971 1661 1083 1726 Fichtii
1097 1671 1128 1726 et
1144 1662 1334 1748 Schellingii,

236 1785 271 1836 ut
286 1794 322 1836 ex
337 1794 428 1856 supra
443 1771 599 1856 explicetis
613 1779 741 1835 constat.

278 1886 331 1948 25.
356 1882 448 1960 Quod
463 1882 488 1946 si
503 1883 586 1967 prior
599 1882 663 1948 haec
678 1893 709 1948 et
720 1883 891 1947 communis
902 1885 1052 1949 sententia
1064 1884 1101 1949 de
1110 1885 1332 1950 universalibus

235 1993 336 2079 potuit
359 1992 783 2078 sophistice'pantheistarum
803 1994 910 2058 usibus
932 1994 1163 2075 accommodari,
1185 1997 1335 2061 sententia
1453 2057 1461 2074 ‚

237 2106 472 2190 Ontologorum,
483 2105 537 2190 qui
548 2112 655 2169 tenent
665 2125 722 2168 nos
733 2126 797 2168 non
811 2126 900 2189 posse
914 2104 996 2170 ideas
1011 2106 1195 2172 universales
1210 2129 1247 2171 ex
1262 2128 1334 2171 con·

237 2217 418 2282 sideratione
432 2217 633 2302 singularium
647 2216 814 2295 efformare,
827 2238 890 2280 non
904 2239 959 2301 per
970 2218 1134 2302 sophisma,
1147 2218 1200 2282 sed
1215 2227 1334 2303 sponte,

236 2331 357 2410 directe,
373 2339 455 2395 etex
468 2337 579 2393 natura
593 2329 638 2392 rei
652 2328 690 2392 ad
708 2327 934 2413 pantheismum
955 2328 1064 2394 ducere
1078 2328 1208 2414 videtur.
1253 2331 1336 2394 Nam
1455 2329 1457 2333 ’

236 2440 262 2504 si
276 2463 381 2505 verum
402 2447 458 2519 est,
474 2449 510 2504 ut
525 2439 673 2522 Ontologi
696 2438 812 2520 dicunt,
827 2439 926 2503 ideam
947 2442 1022 2504 eutis
1040 2441 1216 2524 simpliciter·
1227 2462 1336 2526 praere-

236 2552 316 2638 quiri
330 2552 370 2617 ad
391 2553 449 2616 hoc
468 2561 503 2615 ut
520 2551 672 2636 possimus
692 2551 791 2616 ideam
811 2552 894 2616 'entis
912 2552 1103 2636 particularis
1123 2551 1286 2638 acquirere,
1302 2563 1333 2618 et
1414 2607 1417 2611 .

235 2687 290 2730 ens
312 2663 490 2748 simpliciter
512 2670 558 2727 est
579 2663 676 2742 Deus,
698 2670 774 2726 tunc
795 2661 958 2726 dicendum
984 2670 1040 2741 est,
1064 2685 1119 2747 per
1139 2662 1198 2727 hoc
1220 2665 1334 2749 acquiri

235 2776 335 2842 ideam
357 2775 437 2840 entis
454 2773 654 2860 particularis,
669 2772 751 2858 quod
773 2773 841 2837 idea
863 2773 943 2837 entis
966 2773 1143 2858 simpliciter
1165 2774 1334 2860 applicetur

236 2888 278 2952 rei
292 2886 478 2975 particulari,
493 2894 524 2950 et
538 2885 771 2970 apprehendatur
785 2887 816 2947 in
832 2908 866 2948 re
878 2885 1058 2969 particulari
1072 2886 1105 2949 id
1122 2886 1201 2968 quod
1218 2887 1250 2949 ia
1270 2887 1335 2950 idea

236 3004 311 3066 cutis
325 2999 497 3085 simpliciter
510 2999 599 3062 nunti
606 3006 814 3080 presentatur.
860 2995 930 3073 Quo
944 2985 1055 3080 posito,
1071 2995 1245 3081 pantheista
1263 2997 1335 3062 snb-

237 3119 337 3178 sumet
352 3111 413 3176 sic:
435 3111 533 3193 Atqui
547 3108 626 3192 quod
637 3109 669 3170 iu
683 3107 748 3171 idea
762 3108 838 3171 entia
851 3108 1023 3190 simpliciter
1036 3109 1127 3172 ruenti
1139 3117 1338 3191 praesentatur

236 3234 280 3290 ert
301 3225 448 3300 cliricum,
470 3242 538 3306 erpo
558 3241 604 3283 res
619 3218 818 3303 particulares
839 3218 904 3281 idco
926 3227 1138 3302 repararuntur
1153 3218 1338 3300 intellectiva,
1412 3254 1415 3259 ·

176 3315 201 3340 '⁸
238 3339 308 3420 quia
333 3333 558 3420 apprehenditur
579 3333 611 3394 iu
633 3329 694 3394 illis
715 3331 825 3394 entitas
848 3329 963 3393 diviua:
993 3336 1023 3393 et
1051 3331 1083 3393 ia
1112 3337 1226 3393 tautum
1255 3335 1336 3414 affir-

236 3446 495 3523 moriturarum
520 3450 661 3527 mutum
682 3441 849 3524 applicatur
871 3439 931 3502 illis
950 3462 1011 3504 aare
1027 3441 1097 3504 Dei.
1142 3440 1183 3504 Ilt
1205 3441 1248 3506 sic
1265 3464 1337 3506 con-

237 3559 382 3638 cluditur,
397 3555 624 3642 pantheismum
646 3551 759 3615 realem
780 3572 843 3614 non
866 3531 1009 3614 esse'nisi
1023 3550 1193 3634 legitimam
1208 3552 1337 3618 Ontolo·

238 3669 329 3754 gismi
344 3664 600 3751 consequentiam.
646 3662 727 3726 Item
744 3661 856 3746 poterit
878 3661 1051 3747 pantheista
1073 3662 1116 3726 sic
1138 3663 1336 3728 subsumere:

242 3782 363 3856 Quaado
385 3780 451 3843 idea
470 3779 546 3841 eutis
564 3775 735 3859 simpliciter
749 3773 922 3858 applicanda
936 3782 980 3837 eat
993 3776 1038 3837 rei
1046 3774 1237 3857 particulari,
1251 3776 1337 3839 iutel-

239 3895 328 3958 lcctua
342 3891 467 3956 nondum
481 3889 559 3952 uidet
572 3910 634 3951 rem
642 3886 854 3970 particularem
867 3885 920 3948 cub
934 3886 1049 3948 ratione
1063 3887 1156 3964 cutis,
1180 3908 1247 3970 erpo
1258 3889 1337 3950 ratio

237 4006 313 4070 eutis
326 4027 385 4068 aaa
399 4003 539 4067 tribuitur
553 4001 614 4063 cuti
621 3997 802 4082 particulari
807 4004 930 4079 propter
941 3997 1112 4060 obiectiuum
1121 3998 1182 4060 cius
1192 4000 1336 4078 meritum,

238 4117 290 4181 real
317 4122 431 4179 tuntum
456 4119 578 4196 prepter
607 4109 760 4193 quamdam
790 4107 965 4170 taedauiam
986 4107 1112 4170 rationis
1137 4109 1275 4191 apriori
1300 4110 1342 4173 ad

239 4226 440 4311 affirmandam
466 4225 626 4286 entitatem.
678 4220 763 4303 Erpa
785 4239 833 4282 res
856 4217 908 4281 illa
925 4218 1120 4301 particularia
1143 4219 1206 4283 idco
1232 4221 1340 4284 dicitur

283 4358 357 4402 von.
375 4357 430 4400 111.
1141 4349 1164 4392 e
