3212 4986
232 371 301 416 111.
318 353 356 436 1.]
716 374 758 431 nn
776 373 850 416 111.
1294 349 1335 412 13

229 533 349 620 ligibde
371 544 402 601 11
419 559 538 601 summe
557 537 732 622 intelligens
754 560 817 601 non
838 541 938 622 potest
961 534 999 598 de
1021 533 1149 598 infinitis
1172 531 1233 597 diei
1252 532 1335 618 quod

234 648 295 711 sint
325 647 442 713 obiecta
470 648 653 734 cognitionis
676 671 761 713 verae.
806 649 890 732 Ergo
919 647 1021 712 existit
1047 647 1105 710 boc
1134 667 1198 724 ens,
1224 665 1336 729 nempe

234 758 344 824 Deus·
375 760 477 824 Maior
504 760 597 825 buius
623 760 792 846 syllogismi
814 767 898 844 patet
909 785 919 838 3
949 759 1021 844 quia
1045 779 1150 822 verum
1177 755 1335 840 cognitum

165 931 168 935 .
236 879 282 933 est
298 871 468 956 adaequatio
484 872 527 936 rei
542 871 746 956 intelligibilis
761 872 799 936 ad
814 870 1013 935 intellectum.
1058 867 1210 933 Probatur
1223 868 1334 932 minor.

236 979 304 1044 Nisi
335 983 444 1046 existat
473 1004 528 1046 ens
561 1005 679 1046 summe
713 981 906 1065 intelligibile
934 989 966 1045 et
999 1003 1117 1044 summe
1150 978 1336 1063 intelligens,

233 1093 334 1162 ¹omnis
349 1094 484 1177 cognitio
500 1093 550 1182 rei
565 1093 717 1178 possibilis
735 1101 766 1157 et
782 1114 856 1177 pure
876 1091 1076 1177 intelligibilis
1091 1091 1204 1156 carebit
1219 1091 1337 1155 obiecto

237 1225 302 1281 suo,
313 1226 347 1268 11
362 1205 490 1288 proinde
505 1206 561 1268 erit
576 1204 662 1268 falsa.
708 1205 790 1269 Nam
805 1203 1019 1288 intelligibilia,
1035 1207 1070 1268 ut
1079 1203 1132 1281 sic,
1144 1224 1207 1266 111
1222 1201 1336 1266 habant

236 1314 369 1399 aliquam
381 1316 539 1386 entitatem
555 1314 734 1380 obiectivam
743 1315 776 1379 in
792 1337 833 1395 se,
845 1337 941 1399 quum
956 1315 990 1377 in
1001 1314 1108 1399 seipsis
1122 1336 1185 1379 non
1195 1313 1335 1392 existant,

237 1426 291 1490 sed
305 1426 338 1489 in
350 1426 451 1511 aliquo
463 1426 655 1512 intelligente
669 1435 801 1491 tantum.
848 1427 883 1490 Si
896 1447 969 1510 ergo
980 1448 1043 1490 non
1058 1425 1166 1490 existat
1182 1448 1337 1490 summurn

235 1537 429 1622 intelligibile
453 1561 572 1603 summe
588 1538 774 1623 intelligens,
790 1537 823 1601 in
845 1560 907 1623 quo
929 1537 1052 1622 singula
1070 1561 1107 1602 ex
1128 1537 1188 1601 illis
1209 1535 1337 1602 infinitis

237 1649 483 1734 intelligibilibus
508 1651 570 1714 rint
592 1659 663 1714 actu
684 1649 847 1729 intellecta,
863 1649 950 1713 nulla
974 1650 1031 1714 erit
1054 1649 1165 1714 entitas
1190 1648 1338 1713 obiectiva

237 1782 312 1844 pure
331 1760 581 1845 intelligibilium.
626 1761 667 1824 Et
688 1760 731 1824 sic
748 1759 834 1824 nulla
853 1759 910 1824 erit
930 1759 1170 1843 intelligibilium
1191 1758 1338 1844 intelligi·

237 1870 350 1950 bilitas,
368 1893 464 1956 quum
486 1872 598 1936 entitas
623 1869 771 1936 obiectiva
792 1879 823 1935 11
843 1869 1079 1954 intelligibilitas
1103 1870 1164 1934 sint
1186 1893 1284 1935 unum
1306 1879 1338 1936 et

152 1980 154 1986 ’
238 1981 330 2048 idern.
354 2049 356 2055 ,
375 1983 469 2067 Ergo,
485 1983 647 2048 deficiente
665 1983 756 2070 omni·
764 1982 1023 2066 intelligibilitate,
1039 1981 1123 2046 nulla
1145 1983 1257 2067 poterit
1274 2005 1339 2047 esse

238 2093 407 2179 adaquatio
419 2093 620 2180 intelligibilis
629 2117 701 2159 cum
714 2093 881 2158 intellectu.
927 2092 1038 2174 Quare,
1051 2095 1078 2158 si
1093 2094 1205 2159 dantur
1219 2095 1340 2160 infinita

237 2204 451 2290 intelligibilia,
477 2206 579 2271 existit
604 2205 691 2270 Deus
714 2227 833 2271 summe
858 2204 917 2270 sibi
941 2204 1144 2290 intelligibilis
1168 2215 1198 2270 et
1220 2229 1339 2272 summe

238 2319 424 2406 intelligens.

282 2432 335 2497 11.
359 2429 499 2494 Secundo
513 2429 660 2514 probatur
669 2430 814 2494 ecordinc
828 2429 942 2494 morali.
981 2427 1206 2514 Concipiuntur
1219 2429 1340 2494 infinita

239 2540 385 2606 obiective
412 2539 551 2620 honesta,
579 2563 633 2606 seu
660 2542 788 2606 honeste
817 2541 966 2606 amabilia
1000 2541 1094 2625 ‘Ergo
1124 2541 1225 2605 existit
1254 2540 1340 2606 Deus

239 2673 360 2715 summa
378 2651 567 2742 1111111111
583 2674 703 2716 summa
722 2652 852 2716 bonitas.
897 2652 1089 2718 Antecedens
1104 2661 1244 2732 constat3
1267 2676 1340 2718 nam

240 2763 383 2840 honestas
398 2773 429 2827 et
451 2763 526 2828 ordo
540 2764 664 2829 moralis
686 2772 808 2828 tautum
823 2772 917 2849 patet,
934 2771 1083 2848 quantum
1106 2763 1181 2828 ordo
1195 2764 1321 2830 rationis
1330 2789 1340 2843 ς
1373 2805 1375 2811 ,

240 2875 393 2961 quidquid
403 2865 486 2939 enirn
497 2883 544 2939 111
558 2875 592 2938 in
603 2875 710 2941 ordina
723 2875 850 2940 rationis
865 2885 911 2940 est
922 2875 1096 2941 honestum.
1142 2871 1340 2940 Ordo'autem

240 2985 378 3066 rationis,
393 3009 490 3071 quum
512 2985 652 3070 respiciat
666 3008 715 3051 res
734 2985 767 3052 11
788 2985 960 3065 universali,
976 2985 1190 3070 complectitur
1209 2984 1340 3050 infinita.

242 3097 393 3163 Probatur
416 3119 615 3182 consequens.
659 3095 736 3162 Dari
757 3097 878 3162 infinita
900 3096 1045 3162 obiective
1062 3097 1191 3161 honesta
1211 3105 1257 3161 est
1277 3097 1343 3162 dari

241 3210 373 3289 infinita,
388 3230 518 3295 quornm
533 3231 618 3273 amor
631 3208 728 3295 possit
749 3209 913 3273 honestum
927 3209 1024 3272 facere
1039 3217 1200 3272 amantem.
1245 3208 1343 3294 Atqui

240 3321 301 3385 nisi
316 3321 424 3386 existat
439 3342 559 3386 summa
573 3321 693 3385 bonitas
708 3327 738 3405 et
757 3325 877 3385 summa
891 3319 1071 3397 amabilitas,
1086 3318 1242 3384 nullorum
1257 3343 1342 3384 amor

241 3434 403 3499 honestum
430 3440 533 3518 potest
557 3432 655 3497 facere
680 3439 844 3496 amantem.
888 3431 972 3516 Ergo
1001 3431 1103 3496 existit
1131 3431 1196 3496 haec
1222 3453 1343 3521 summa

241 3543 372 3624 bonitas,
398 3565 509 3628 nempe
534 3543 630 3608 Deus.
686 3543 788 3606 Maior
816 3543 909 3608 huius
939 3541 1107 3630 syllogismi
1133 3547 1220 3626 'patet
1231 3568 1241 3622 3
1271 3544 1343 3628 quia

241 3654 385 3718 honestas
400 3653 531 3718 amantis
546 3660 592 3716 est
606 3651 639 3716 iu
653 3650 720 3731 hoc,
737 3652 817 3737 quod
834 3660 916 3717 amet
930 3673 995 3716 rem
1009 3675 1065 3736 pro
1082 3653 1190 3717 merito
1204 3651 1342 3716 amabili-

242 3766 326 3847 tatis,
341 3788 396 3830 seu
410 3765 550 3830 consistit
564 3765 598 3827 11
616 3763 825 3850 adaequatione
840 3761 971 3849 quadam
994 3763 1105 3828 amoris
1120 3785 1190 3827 cum
1206 3761 1343 3828 amabili·

242 3884 305 3944 tate
327 3877 380 3941 rei.
426 3875 577 3940 Probatur
595 3875 706 3940 minor.
750 3875 820 3939 Nisi
839 3875 949 3940 existat
968 3897 1023 3941 111
1041 3873 1159 3938 summe
1176 3873 1292 3938 bonum
1311 3897 1344 3940 se

243 4007 363 4054 summe
384 4011 500 4067 amaus,
516 3988 616 4052 omnis
638 4009 723 4052 amor
738 3988 850 4052 carebit
870 3986 988 4052 obiecto
1010 3986 1143 4065 amabili,
1160 4008 1194 4051 11
1215 3987 1344 4073 proinde

243 4122 307 4164 non
330 4100 388 4164 erit
410 4098 599 4164 rationabilis
621 4121 721 4185 neque
738 4101 895 4164 honestus.
941 4099 1022 4162 Nam
1045 4098 1172 4162 honeste
1194 4099 1343 4180 amabilia,

244 4222 281 4277 ut
296 4213 349 4292 sic,
365 4235 429 4277 non
443 4211 558 4276 habent
572 4212 606 4276 in
622 4234 653 4276 11
668 4212 827 4276 entitatem
843 4211 975 4296 aliquam
996 4211 1183 4290 obiectivam,
1200 4233 1296 4296 quum
1311 4212 1344 4275 in

246 4347 355 4392 11111
370 4324 513 4404 existant,
530 4323 630 4388 sedin
651 4322 752 4408 aliquo
768 4331 890 4403 amante
910 4322 1031 4386 amabili
1046 4329 1177 4386 tantum.
1225 4321 1257 4385 Si
1272 4341 1349 4405 ergo·
