3222 4984
249 313 312 381 168
560 331 602 376 nn
618 330 763 376 aaaroun
779 331 838 376 oni
855 331 892 375 ru
910 330 1039 376 noune.
1204 309 1293 396 [aar.
1311 328 1350 372 11.

247 504 460 582 spontaneum,
486 495 540 582 qui
561 506 608 562 est
630 497 786 563 materiale
807 496 960 563 volitionis
982 496 1104 561 liberae:
1128 494 1248 574 deinde,
1270 493 1353 579 quod

250 607 349 692 posita
359 609 416 674 hae
426 608 689 690 determinatione,
705 611 826 675 seuhoe
841 619 912 674 actu
926 609 1027 695 primo
1041 607 1227 687 adhaerendi,
1242 606 1354 671 forma·

250 718 290 784 lis
311 719 437 785 libertas
462 720 627 801 volitionis,
642 730 750 808 utpote
765 721 935 786 consistens
949 720 982 784 in
997 719 1226 786 continuatione
1245 717 1356 783 actuali

249 829 430 896 adhaesionis
443 831 610 898 voluntatis
629 833 771 898 habentis
792 841 974 918 potestatem
990 829 1235 896 discontinuandi
1251 827 1352 893 adhae-

249 942 366 1007 sionem
383 943 548 1030 (loquimur
558 944 640 1010 enim
651 945 703 1010 hic
712 946 750 1009 de
765 945 831 1030 ipsa
845 945 966 1009 interna
980 942 1132 1020 volitione,
1148 964 1211 1006 non
1229 941 1267 1005 de
1282 949 1352 1004 actu

247 1061 372 1120 externo
398 1054 557 1141 imperato,
583 1055 638 1141 qui
661 1056 839 1122 rolitionem
865 1053 1097 1120 determinatam
1118 1053 1354 1138 praesupponit),

247 1165 339 1230 habet
361 1151 511 1233 rationem
533 1167 662 1233 actualis
683 1166 922 1253 acquiescentiae,
937 1187 999 1230 noa
1023 1164 1150 1230 actualis
1170 1185 1260 1229 novae
1281 1185 1352 1248 ope·

248 1277 386 1358 rationis,
412 1288 443 1344 et
469 1279 548 1344 nihil
570 1279 655 1344 eliud
677 1279 843 1365 positivum
857 1279 960 1364 ‚exigit
985 1278 1046 1343 nisi
1071 1277 1291 1343 advertentiam
1314 1275 1353 1340 ad

248 1389 398 1454 rationem
420 1413 479 1455 aaa
500 1392 569 1456 beai
589 1391 623 1454 in
645 1391 764 1457 obiecto
787 1390 836 1456 sui
858 1399 944 1456 actus
962 1390 1150 1476 implicitam,
1167 1412 1228 1476 qua
1241 1389 1352 1475 posita,

250 1502 396 1586 possibile
410 1502 456 1567 illi
469 1502 523 1568 fiat
537 1501 614 1568 velle
629 1503 814 1589 oppositum.
852 1503 964 1569 Recole
979 1525 1049 1590 quae
1064 1502 1195 1568 diximus
1210 1501 1248 1567 de
1262 1500 1353 1567 liber·

248 1618 312 1678 tate
327 1613 461 1679 hominis
475 1613 541 1679 loco
557 1614 660 1679 citato.

292 1724 349 1790 Est
363 1733 395 1790 et
418 1723 478 1788 elia
500 1725 667 1809 responsio.
702 1726 785 1790 Dic.
800 1727 850 1792 M.
866 1726 948 1811 quod
964 1734 1010 1792 est
1025 1725 1202 1790 indifferens
1224 1725 1352 1810 passive,

248 1857 311 1900 non
321 1837 394 1921 agit,
404 1835 464 1901 nisi
475 1835 561 1922 prius
572 1835 791 1901 determinetur
802 1838 996 1924 tr.M.,quod
1005 1846 1051 1902 est
1060 1837 1352 1915 indifferensactive,

248 1969 312 2011 non
327 1947 401 2032 agit,
424 1947 485 2012 nisi
495 1949 581 2032 prius
604 1947 824 2014 determinetur
838 1956 869 2014 a.
885 1951 934 2014 M.
952 1957 982 2014 et
997 1950 1128 2014 contrad.
1143 1949 1213 2012 mia.
1229 1971 1258 2010 a.
1275 1970 1354 2012 coar.

251 2057 322 2122 Sola
344 2058 486 2142 voluntas
508 2059 605 2124 libera
625 2059 802 2125 indifferens
823 2068 870 2124 est
892 2060 998 2140 active,
1022 2060 1094 2146 quia
1116 2061 1189 2140 sola,
1211 2059 1285 2124 dum
1307 2067 1355 2124 est

249 2169 283 2232 in
293 2178 374 2249 actu,
385 2178 487 2256 potest
497 2170 534 2235 de
545 2172 622 2235 seul
637 2173 691 2235 loc
705 2180 773 2237 actu
788 2170 827 2236 ed
840 2195 899 2236 aaa
910 2173 986 2236 duae
1000 2181 1098 2237 actum
1111 2170 1255 2236 transire:
1271 2169 1353 2234 unde

250 2280 317 2346 eius
339 2281 543 2347 indifferentia
565 2283 762 2368 consequitur
783 2283 841 2348 hoo
863 2283 947 2369 quod
968 2292 1015 2348 est
1037 2306 1097 2348 ease
1111 2285 1143 2347 ia
1157 2291 1226 2347 octa
1239 2283 1301 2362 illo,
1317 2283 1358 2346 ad

252 2415 336 2476 quera
350 2394 458 2458 dicitur
472 2395 650 2478 indifferens.
696 2393 768 2458 Non
781 2417 855 2479 ergo
870 2394 988 2460 tollitur
1003 2394 1068 2459 eius
1081 2393 1286 2461 indifferentia
1301 2417 1355 2478 per

251 2502 341 2570 illum
372 2512 485 2584 actum,
510 2517 607 2590 quum
629 2504 779 2592 habeatur
805 2505 1009 2571 indifferentia
1034 2514 1104 2591 post
1130 2504 1219 2569 illum
1241 2513 1355 2572 actum.

252 2615 485 2680 Transmittitur
514 2616 598 2681 aliud
634 2617 806 2682 membrum
836 2617 1051 2696 distinctionis,
1080 2617 1153 2702 quia
1189 2615 1272 2700 quod
1308 2624 1355 2682 est

252 2726 369 2811 passive
383 2727 572 2808 indifferens,
589 2727 614 2792 si
630 2727 861 2808 determinetur,
877 2728 1100 2795 determinatur
1114 2728 1155 2794 ad
1169 2729 1352 2812 patiendam,

251 2858 314 2901 non
330 2837 370 2901 ad
384 2837 549 2922 agendum.
583 2837 624 2902 Et
639 2838 708 2902 ideo
723 2839 815 2903 etiam
830 2839 863 2902 in
878 2839 978 2924 prima
988 2837 1185 2923 responsione
1199 2839 1354 2903 transmisi

251 2949 396 3014 maiorem
411 2975 418 3014 ε
441 2949 473 3014 in
485 2972 547 3036 qua
562 2972 598 3013 ex
617 2949 709 3014 modo
725 2948 814 3014 dictis
830 2958 956 3035 apparet
971 2949 1120 3014 contineri
1134 2949 1228 3014 etiam
1242 2949 1354 3016 falsum

251 3060 457 3145 suppositum,
473 3061 499 3124 si
513 3083 550 3126 ex
564 3061 678 3125 nostris
692 3060 852 3146 principiis
868 3060 1062 3126 discutiatur.

293 3173 346 3234 26.
372 3170 510 3256 Septimo
526 3171 569 3235 sic
584 3171 802 3238 ratiocinatur:
836 3173 978 3237 Voluntas
1003 3172 1102 3235 diuino
1116 3179 1160 3236 eat
1175 3194 1263 3236 causa
1278 3194 1353 3256 pro-

246 3281 379 3366 fieadcaa
402 3290 495 3346 totam
516 3305 567 3348 caes
592 3291 622 3348 et
650 3305 747 3348 omnes
772 3285 834 3348 circs
857 3283 1053 3376 differentiae.
1110 3282 1172 3346 Sed
1194 3283 1354 3366 applicatio

253 3401 405 3472 creatore,
423 3417 481 3478 per
502 3417 590 3479 qaam
612 3397 798 3480 aoaiaapitur
816 3396 857 3459 ad
868 3403 965 3460 actam
978 3417 1072 3475 mom,
1088 3401 1132 3458 eat
1152 3395 1275 3478 aliquod
1294 3417 1355 3459 eas.

251 3505 336 3588 Erpa
362 3503 446 3568 decet
471 3507 589 3570 causari
614 3527 633 3568 a
658 3507 723 3570 Deo
734 3530 746 3584 3
779 3529 814 3570 aa
836 3506 964 3590 poinde
989 3507 1072 3570 Deus
1095 3505 1226 3591 applicat
1251 3529 1355 3571 careas

250 3615 392 3680 secandas
405 3615 447 3678 ad
457 3637 525 3706 auos
540 3618 632 3682 actas.

297 3726 380 3790 Huic
395 3740 576 3810 argumento
599 3727 835 3813 respondebitur
858 3729 1094 3794 transmittendo
1110 3728 1270 3809 minorem,
1286 3752 1355 3816 quae

252 3836 373 3904 videtur
388 3837 500 3906 falsum
527 3861 708 3924 supponere,
724 3847 755 3904 et
769 3841 972 3907 concedendo
995 3841 1130 3925 primum
1153 3861 1353 3926 consequens,

253 3947 337 4035 quod
345 3957 392 4014 est
400 3949 598 4015 materialiter
609 3973 726 4017 verum.
758 3952 940 4033 secundum,
947 3975 1016 4017 vero
1028 3974 1218 4038 consequens
1229 3953 1354 4018 concedi

253 4069 366 4146 potest,
382 4061 434 4126 sed
449 4062 627 4152 explicando
641 4063 720 4150 illud
734 4064 819 4129 iuxta
834 4065 914 4129 dicta
925 4087 956 4128 n.
974 4067 1027 4143 22,
1042 4066 1095 4143 23,
1110 4066 1164 4129 24.

296 4175 349 4238 27.
373 4171 488 4237 Octavo
516 4182 750 4258 argumentatur
771 4196 807 4239 ex
830 4174 931 4239 divina
953 4174 1156 4253 Providentia,
1172 4197 1242 4260 quae
1264 4174 1354 4240 debet

254 4282 360 4382 omnia
370 4283 530 4350 efficaciter
539 4284 674 4372 'dirigere
689 4284 729 4350 ad
743 4285 854 4352 tinem:
877 4269 1105 4380 atqui-directio
1119 4287 1184 4352 haec
1198 4286 1304 4371 exigit,
1319 4297 1356 4380 ut
