3222 4984
255 423 329 470 err.
346 402 386 490 1.]
687 431 730 474 nn
746 428 912 477 rurrurro.
1294 413 1357 482 199

251 600 283 657 et
297 591 430 657 finitudo
444 601 490 658 est
504 593 641 660 formalis
651 598 776 682 negatio
787 599 901 665 infiniti
908 626 919 679 3
942 621 1016 684 ergo
1026 599 1150 666 finitum
1160 599 1356 686 cognoscitur

250 725 306 788 per
326 703 485 769 formalem
507 707 702 791 negationem
723 709 838 774 infiiriti
849 735 859 789 3
897 719 928 776 et
950 721 1172 797 consequenter
1197 711 1352 777 infinitum

252 815 400 899 praenosci
415 815 516 882 debet.

295 927 477 1012 Respondeo
499 929 598 1014 primo
619 929 678 995 hoc
700 940 917 1016 argumentum
939 932 1106 1018 retorqueri
1135 953 1243 1018 posse3
1279 956 1353 997 nam

250 1038 349 1103 forma
361 1038 476 1103 infiniti
490 1049 537 1104 est
551 1041 725 1121 infinitndo,
738 1065 806 1128 quse
817 1051 864 1106 est
874 1042 1010 1108 formalis
1021 1043 1145 1127 negatio
1156 1043 1256 1121 finiti;
1279 1065 1352 1128 ergo

249 1150 407 1216 infinitum
429 1153 623 1237 cognoscitur
644 1175 699 1238 per
719 1153 878 1218 formalem
900 1153 1094 1238 negationem
1117 1154 1207 1234 finiti,
1226 1164 1257 1218 et
1280 1177 1351 1220 eon-

250 1271 412 1347 sequenter
432 1263 557 1328 finitum
574 1264 721 1349 praenosci
742 1264 842 1330 debet.
889 1264 959 1330 Hoc
980 1265 1114 1330 ostendit
1134 1273 1351 1351 argumentum

250 1396 349 1439 carere
364 1375 503 1440 efficacia.

293 1484 475 1570 Respondeo
504 1484 639 1550 secundo
667 1509 692 1552 c.
718 1488 768 1551 M.
792 1486 860 1550 dict.
886 1488 957 1552 min.
980 1485 1113 1551 finitudo
1140 1495 1188 1552 est
1215 1486 1352 1554 formalis

249 1596 373 1678 negatio
391 1595 505 1660 infiniti
521 1595 555 1659 in
575 1595 674 1682 prima
692 1597 934 1682 apprehensione
952 1621 982 1662 a.
999 1600 1070 1662 min.
1085 1597 1118 1661 in
1133 1597 1285 1662 abstracto
1300 1619 1350 1662 co·

247 1707 343 1792 gitata
365 1731 392 1772 e.
413 1709 482 1772 min.
506 1714 537 1772 et
558 1731 588 1772 n.
605 1731 682 1772 cons.
728 1707 874 1773 Finitudo
896 1707 1031 1793 primum
1053 1707 1294 1793 apprehenditur
1315 1708 1349 1771 in

249 1827 400 1898 concreto,
415 1819 448 1881 in
469 1825 619 1904 quantum
637 1817 782 1903 recipitur
797 1818 912 1905 species
926 1817 1037 1884 obiecti
1051 1818 1254 1899 determinati,
1270 1817 1352 1884 ultra

248 1930 331 2016 quod
345 1952 509 2016 possumus
524 1932 640 2014 aliquid
652 1932 805 2016 cogitare:
828 1939 860 1996 et
873 1930 1006 1996 finitudo
1022 1931 1065 1996 sic
1085 1938 1208 2016 accepta
1225 1952 1288 1994 nou
1305 1939 1353 1996 est

239 2043 380 2127 formalis
394 2042 517 2128 negatio
530 2041 655 2123 infiniti,
671 2042 725 2107 sed
739 2065 817 2128 pura
833 2065 898 2107 non
912 2041 1082 2121 affirmatio,
1098 2051 1134 2106 ut
1149 2065 1242 2126 supra
1256 2041 1352 2127 expli-

248 2160 350 2216 catum
369 2161 425 2218 est.
472 2152 533 2218 Sed
552 2161 716 2238 postquam
738 2151 783 2216 sic
805 2152 1018 2237 cognoscimus
1039 2151 1119 2218 hanc
1141 2159 1171 2216 et
1186 2151 1270 2216 illam
1285 2175 1350 2216 rem

247 2262 377 2343 finitam,
392 2285 557 2348 possumus
573 2263 735 2348 cogitando
749 2265 906 2349 pervenire
920 2264 961 2329 ad
974 2272 1157 2350 conceptum
1176 2263 1350 2328 finitudinis

247 2373 344 2457 ipsius
368 2375 402 2438 in
428 2375 601 2454 universali,
624 2397 693 2460 quae
718 2375 791 2460 quia
815 2374 994 2440 nonhabet
1021 2374 1203 2454 subiectum,
1229 2374 1263 2438 in
1289 2396 1351 2458 quo

247 2486 503 2570 apprehendatur,
519 2509 582 2550 non
602 2494 703 2571 potest
723 2486 765 2550 sic
787 2485 955 2550 formaliter
972 2485 1099 2569 cogitari
1114 2508 1169 2572 per
1182 2485 1350 2550 realitatem

247 2596 479 2662 determinatam
502 2596 629 2662 alicuius
651 2596 741 2677 finiti,
764 2596 816 2662 sed
841 2595 942 2661 solum
963 2619 1017 2682 per
1039 2595 1198 2670 somniem
1228 2595 1351 2681 opposi-

246 2707 362 2772 tionem
377 2708 416 2772 ad
431 2707 598 2774 infinitum.

290 2818 480 2904 Responderi
499 2827 601 2904 potest
626 2819 718 2884 tertio
732 2819 816 2905 quod
830 2817 1074 2903 unumquodque
1088 2816 1282 2902 cognoscitur
1296 2839 1351 2902 per

247 2951 333 2994 suam
348 2931 488 3009 formam,
500 2930 624 3015 quando
635 2929 733 2996 forma
747 2929 811 2994 haec
826 2937 873 2993 est
888 2929 961 3013 quid
977 2929 1153 3014 positivum,
1168 2950 1231 2992 non
1246 2935 1348 2992 autem

246 3039 370 3125 quando
386 3048 433 3104 est
447 3040 524 3126 quid
538 3040 725 3124 negativum,
740 3048 776 3103 ut
791 3039 841 3104 hic
855 3037 976 3104 accidit.
1005 3038 1047 3102 Et
1061 3038 1139 3102 ratio
1154 3046 1200 3102 est
1215 3037 1286 3122 quia
1299 3059 1349 3102 res

247 3159 476 3235 cognoscuntur
489 3173 545 3237 per
556 3151 687 3236 speciem
699 3151 897 3234 impressam:
921 3149 1036 3235 species
1047 3158 1150 3214 autem
1161 3149 1350 3234 imprimitur

246 3263 284 3327 ab
299 3262 416 3330 obiecto
431 3273 467 3328 ut
481 3262 632 3348 principio
647 3262 766 3329 activo:
790 3283 854 3324 non
872 3268 920 3324 est
938 3268 1042 3324 autem
1064 3259 1196 3325 activum
1216 3260 1277 3324 nisi
1293 3281 1349 3346 per

244 3375 277 3439 id
299 3375 383 3459 quod
401 3375 498 3439 estin
517 3374 585 3459 ipso
602 3375 740 3458 positive,
754 3371 826 3456 quia
848 3393 939 3436 omne
960 3393 1054 3456 agens
1069 3371 1133 3455 agit
1147 3371 1180 3435 in
1195 3379 1346 3456 quantum

245 3494 292 3550 est
313 3487 347 3549 in
368 3495 450 3550 actu.
494 3485 587 3551 Unde
616 3483 759 3562 finitudo‚
781 3505 850 3567 quoe
872 3490 919 3546 est
940 3482 1074 3565 negatio,
1096 3505 1159 3546 non
1181 3492 1227 3548 est
1248 3483 1346 3548 forma

245 3596 423 3682 imprimens
438 3596 570 3681 speciem
584 3595 705 3674 obiecti,
719 3593 773 3659 sed
786 3593 937 3657 resultans
952 3615 988 3658 ex
1003 3594 1113 3678 speciei
1125 3594 1334 3679 impressione.

288 3709 319 3771 6.
347 3708 473 3772 Odiicies
498 3712 543 3772 4⁰.
567 3706 705 3771 Finitum
731 3713 778 3770 est
807 3704 1000 3789 contingens,
1024 3727 1078 3770 seu
1101 3705 1276 3770 indifferens
1306 3704 1346 3770 ad

245 3839 320 3897 esse,
335 3827 417 3882 etex
432 3839 465 3882 se
478 3817 557 3882 nihil
571 3825 628 3882 est.
674 3815 736 3881 Sed
750 3816 832 3901 quod
847 3839 884 3880 ex
898 3839 931 3880 se
945 3816 1021 3880 nihil
1037 3825 1084 3880 est
1099 3816 1189 3881 debet
1204 3817 1346 3900 cognosci

244 3949 299 4012 per
313 3927 417 4006 aliud3
440 3948 512 4011 ergo
534 3927 657 3990 finitum
673 3925 763 3990 dehet
775 3927 918 4010 cognosci
931 3948 986 4011 per
1000 3925 1095 4005 aliud,
1110 3926 1143 3990 id
1160 3935 1206 3990 est
1224 3948 1278 4010 per
1297 3927 1346 3989 in-

243 4039 377 4103 finitum.
422 4038 553 4123 Insuper
578 4037 701 4100 finitum
724 4045 771 4100 est
797 4059 855 4100 aon
876 4044 988 4103 totum:
1019 4037 1154 4118 sednon
1171 4046 1272 4101 totum
1296 4060 1346 4102 co·

243 4150 403 4238 gnoscitur
415 4173 470 4235 per
484 4157 607 4227 totum;
629 4170 703 4232 ergo
720 4148 844 4213 finitum
859 4149 1053 4234 cognoscitur
1067 4170 1121 4233 per
1135 4150 1301 4215 infinitum.

286 4261 469 4348 Respondeo
484 4268 521 4325 tr.
538 4261 588 4325 M.
604 4260 672 4323 dist.
688 4260 759 4323 mia.
776 4259 802 4322 si
816 4258 894 4323 illud
909 4281 946 4322 ec
960 4258 1075 4324 indicat
1092 4259 1219 4324 existere
1233 4284 1256 4324 c.
1273 4263 1344 4326 min.

243 4373 269 4439 si
282 4373 398 4439 indicat
412 4371 561 4458 originem
577 4393 606 4434 a.
622 4373 693 4435 min.
710 4379 740 4435 et
751 4391 836 4434 cons.
881 4369 968 4434 Licet
983 4370 1071 4435 limes
1081 4371 1129 4436 rei
1143 4370 1182 4435 sit
1197 4393 1260 4436 non
1280 4393 1346 4450 ena,
