3222 4984
276 365 339 428 188
587 388 629 432 on
645 389 787 433 Acmona
804 389 861 434 nm
879 390 916 433 nv
933 391 1063 434 nunno.
1215 371 1302 455 [car.
1319 390 1374 432 111.

273 549 392 614 debeat.
437 549 601 617 Permissio
624 562 727 618 autem
751 555 866 639 peccati
891 565 971 620 esset
996 554 1225 639 inexplicabilis,
1246 553 1272 617 si
1298 554 1374 618 aeci-

273 670 398 747 peretur
412 682 468 747 pro
482 661 584 749 aliquo
599 673 670 729 actu
684 665 744 730 Dei
759 665 908 750 positivo:
930 675 1005 731 tunc
1020 666 1103 731 enim
1118 675 1198 731 certe
1213 665 1376 750 quaerenda

273 782 353 838 esset
372 773 438 838 eius
458 774 668 869 permissionis
687 797 778 840 causa
797 777 908 857 finalis,
923 800 992 862 quae
1006 777 1136 842 inveniri
1151 777 1267 861 nequit.
1314 776 1376 841 Sed

273 884 337 949 baec
351 883 509 970 permissio
523 907 586 950 non
602 895 649 950 est
663 894 749 951 actus
763 889 922 973 positivus,
933 911 1028 974 quum
1044 889 1195 973 significet
1206 888 1306 952 solum
1317 911 1376 952 non

274 998 504 1080 impeditionem:
527 1005 558 1062 et
573 1017 635 1062 non
647 999 796 1083 impedire
810 1008 857 1063 est
871 1021 934 1064 non
950 1023 1049 1085 agere.
1094 1001 1161 1065 Iam
1174 1022 1243 1065 vero
1258 1000 1297 1064 ad
1312 1023 1375 1064 non

275 1108 429 1193 agendum
451 1130 514 1173 non
537 1117 583 1174 est
604 1131 726 1175 necesse
747 1110 859 1176 babere
881 1133 1003 1177 causam
1025 1112 1158 1192 finalem,
1182 1113 1235 1178 sed
1265 1112 1376 1176 sufficit

275 1241 338 1284 non
367 1219 478 1285 habere
507 1219 626 1284 illam*.
658 1221 712 1285 ‘nt
741 1219 810 1286 ideo
839 1222 878 1286 ad
902 1223 1110 1308 explicandam
1145 1223 1375 1308 permissionem

275 1331 391 1416 peccati
406 1332 517 1396 sufficit
532 1332 631 1397 dicere
645 1332 729 1419 quod
743 1333 829 1398 Deus
844 1334 962 1398 nullam
977 1334 1069 1399 babet
1086 1335 1235 1399 rationem
1253 1344 1376 1421 propter

275 1465 368 1529 quam
383 1442 454 1508 velit
476 1443 554 1508 illud
575 1443 741 1530 impedire:
764 1453 795 1508 et
817 1444 910 1510 stabit
932 1446 998 1510 eius
1015 1445 1214 1531 providentia,
1231 1447 1267 1525 si,
1283 1447 1375 1511 etiam

275 1577 338 1619 non
353 1554 557 1639 impediendo,
572 1555 708 1620 obtineat
722 1556 815 1620 finem
831 1579 923 1641 quem
939 1556 971 1621 iu
987 1558 1137 1622 creatione
1152 1553 1254 1623 rerum
1274 1558 1375 1622 inten-

276 1664 332 1730 dit.
367 1664 459 1742 Quod
470 1673 574 1730 autem
583 1665 741 1751 permissio
752 1666 805 1731 illa
819 1690 882 1731 non
897 1668 937 1731 sit
946 1671 1077 1753 positiva
1091 1677 1186 1752 patet,
1198 1692 1259 1733 non
1277 1669 1375 1733 solum
1390 1747 1393 1754 ι

276 1775 347 1861 quia
369 1776 497 1860 privatio
519 1799 583 1841 non
604 1777 741 1861 postulat
762 1800 882 1843 causam
903 1779 1073 1863 positivam,
1089 1780 1249 1845 sedetiam
1264 1781 1336 1866 quia
1351 1781 1377 1844 si

275 1895 435 1971 peccatum
448 1887 576 1972 positive
590 1888 795 1972 permittatur,
811 1891 864 1954 fiet
879 1890 998 1954 licitum
1013 1899 1044 1954 et
1058 1913 1121 1954 non
1136 1893 1193 1956 erit
1208 1901 1376 1976 peccatum,

216 1985 219 1992 ’
276 2007 382 2064 contra
397 1998 430 2062 id
444 1999 527 2083 quod
543 2000 762 2084 supponimus:
786 2008 817 2064 et
831 2011 977 2084 praeterea
990 2001 1103 2085 periret
1118 2003 1261 2066 sanctitas
1276 2003 1345 2066 Dei.

319 2111 373 2174 45.
398 2108 553 2186 Quaeritur
579 2118 694 2191 octove,
718 2120 817 2175 ntrnna
837 2113 1024 2195 providentio
1038 2114 1100 2175 Dei
1113 2122 1193 2177 stare
1200 2116 1298 2196 possit
1313 2137 1377 2178 cnm

270 2221 399 2305 publicis
412 2223 569 2303 scandalis,
583 2222 750 2287 seductione
764 2232 793 2288 et
807 2225 990 2306 oppressione
1005 2225 1154 2304 bonoram,
1169 2233 1199 2289 et
1218 2227 1378 2309 impietatis

276 2335 434 2418 triumpho.

320 2444 502 2529 Respondeo
525 2446 722 2526 affirmative:
745 2447 817 2532 quia
840 2470 930 2511 nemo
955 2470 1024 2512 cum
1050 2447 1161 2512 damno
1185 2448 1291 2513 salutis
1316 2471 1377 2512 suae

277 2554 432 2620 seducitur
443 2556 503 2621 nisi
518 2567 739 2643 consequenter
753 2558 792 2622 ad
806 2559 960 2643 propriam
976 2559 1096 2644 culpam
1109 2569 1139 2623 et
1148 2560 1377 2644 negligentiam,

276 2677 307 2732 et
330 2667 505 2755 triumphus
526 2669 693 2755 impietatis
715 2671 822 2755 nequit
844 2693 910 2734 esse
933 2671 1115 2736 definitivus.
1162 2672 1243 2736 Nam
1266 2673 1292 2736 si
1307 2672 1379 2736 boni

277 2779 380 2843 sinant
410 2802 441 2843 se
471 2780 584 2860 seduci,
608 2781 682 2845 dum
711 2780 826 2845 habent
857 2781 956 2844 media
983 2782 1016 2844 in
1046 2783 1243 2861 contrarium,
1273 2804 1378 2846 eorum

278 2889 415 2954 seductio
432 2889 569 2974 ipsorum
592 2890 723 2977 propriae
742 2891 939 2975 providentiae
960 2891 1124 2956 defectibili
1138 2893 1302 2957 tribuenda
1323 2905 1379 2972 est,

277 3022 341 3064 non
356 3009 459 3064 autem
474 3000 583 3065 divinae
598 3001 806 3086 providentiae,
822 3025 889 3087 qnae
905 3003 1050 3067 scandala
1057 3004 1277 3083 seducentium,
1288 3014 1380 3088 prout

278 3120 351 3174 sunt
373 3110 513 3195 quaedam
532 3112 613 3177 facta
631 3113 810 3191 materialia,
826 3113 946 3176 ordinat
968 3113 1007 3177 ad
1027 3113 1248 3198 probationem,
1264 3137 1327 3179 non
1341 3115 1380 3178 ad

279 3224 399 3288 ruinam
424 3222 586 3303 bonorum,
606 3233 637 3288 et
667 3232 703 3288 ut
734 3233 808 3312 sunt
833 3233 956 3309 peccata
978 3223 1096 3289 reducit
1122 3225 1169 3289 vel
1194 3226 1319 3290 reducet
1342 3227 1381 3290 ad

280 3333 417 3399 debitum
447 3326 586 3397 ordinem
616 3333 798 3419 applicando
828 3334 1005 3399 remedium.
1051 3335 1092 3398 Et
1122 3336 1297 3420 triumphus
1323 3338 1379 3402 im·

279 3445 410 3530 pietatis,
426 3447 480 3530 qui
500 3445 624 3510 tandem
647 3446 680 3510 in
698 3446 865 3530 impietatis
880 3446 1115 3511 destructionem
1132 3447 1280 3527 deveniet,
1294 3449 1381 3514 nullo

275 3558 368 3622 modo
389 3557 514 3642 derogat
537 3558 647 3623 divinae
666 3558 874 3643 providentia,
894 3558 948 3622 sed
971 3582 1037 3623 earn
1062 3561 1160 3644 magis
1186 3563 1379 3626 commendat

278 3670 457 3754 dupliciter:
481 3669 590 3754 primo,
606 3670 678 3756 quia
692 3670 826 3734 ostendit
840 3671 943 3735 Deum
959 3671 1049 3734 etiam
1065 3671 1205 3735 hostibus
1221 3672 1284 3736 suis
1305 3673 1380 3737 libe·
1448 3731 1451 3738 .

278 3781 427 3846 ralissime
448 3781 657 3865 providentem
680 3790 711 3845 et
733 3780 954 3865 patientissime
976 3803 1027 3846 eos
1047 3782 1086 3846 ad
1100 3782 1314 3866 poenitentiam
1329 3807 1380 3848 ex·

312 4012 330 4049 *
347 4007 417 4063 Haec
428 4005 564 4080 responsio
576 4007 660 4062 solvit
671 4006 867 4078 difficultatem,
880 4008 951 4064 circa
962 4025 1043 4080 quam
1052 4009 1134 4064 multi
1140 4009 1275 4065 haesitant
1300 4009 1381 4064 Unde

278 4113 333 4150 non
353 4100 394 4150 est
411 4111 519 4150 necesse
537 4093 625 4149 dicere
643 4111 705 4148 cum
717 4094 749 4150 P.
763 4093 910 4166 Tongiorgi
930 4094 1036 4166 (Theol.
1057 4101 1113 4150 nat.
1132 4115 1158 4150 n.
1181 4097 1256 4167 258),
1275 4117 1381 4153 canaam

269 4181 385 4253 finden
390 4179 494 4250 peccati
503 4197 555 4233 non
566 4198 618 4234 ease
630 4198 648 4234 a
659 4180 731 4234 nebris
746 4187 839 4234 temne
856 4181 1070 4252 investipandane,
1082 4201 1132 4237 nec
1148 4183 1292 4238 concedere
1309 4187 1381 4256 quod

278 4273 315 4320 est
332 4271 398 4320 certe
415 4265 510 4334 aliquis
527 4265 604 4320 baina
615 4265 795 4336 permansionis
803 4266 880 4338 finci,
893 4271 925 4320 ut
942 4267 999 4340 ipse
1017 4270 1148 4324 concedit.
1184 4270 1274 4324 Ir'nmo
1292 4272 1315 4326 si
1329 4271 1381 4329 hoc

279 4351 362 4406 semel
373 4351 544 4420 concedatur,
556 4351 605 4406 vix
616 4351 764 4424 poterimus
775 4352 828 4407 Dei
839 4353 1038 4424 providentiam
1049 4355 1102 4410 rite
1113 4356 1191 4412 tueri.
