3222 4984
246 371 317 415 osv.
336 351 406 434 111.]
556 370 598 412 ns
616 371 760 414 semona
776 371 834 415 nna
850 371 887 415 ιιι
906 371 1036 416 nunno.
1149 433 1153 443 Ι
1285 347 1345 413 185

247 535 376 619 gloriam
392 543 532 614 suam-et
548 535 585 599 de
594 535 675 600 facto
689 536 779 600 eruit.
825 536 908 601 Hinc
923 535 956 600 in
970 535 1107 621 principe
1122 557 1184 599 non
1199 534 1347 618 impedire

246 655 414 732 peccatum,
438 646 522 730 quod
544 653 646 731 potest
671 645 828 730 impedire,
850 669 914 710 non
936 646 1004 711 ideo
1026 654 1073 710 est
1094 654 1252 731 peccatum
1275 645 1348 730 quia

224 801 227 808 ·
239 767 344 843 posset
357 757 515 842 impedire,
531 757 585 822 sed
599 757 668 822 ideo
683 765 729 822 est
743 766 902 843 peccatum
914 759 987 844 quia
1001 766 1030 822 et
1039 766 1140 844 potest
1151 767 1180 823 et
1194 759 1277 822 debet
1290 757 1348 820 im·

247 868 361 952 pedire,
388 867 460 953 quia
489 867 630 952 princeps
660 876 707 933 est
735 877 861 953 propter
890 868 1050 934 subditos:
1087 877 1194 933 contra
1222 868 1255 932 in
1281 867 1350 932 Deo

247 980 368 1044 nullum
390 988 438 1044 est
463 988 633 1064 peccatum,
657 980 729 1066 quia
759 980 818 1045 etsi
841 979 938 1065 possit
969 980 1127 1065 impedire,
1149 979 1349 1044 nullomodo

246 1100 379 1171 tenetur,
404 1113 501 1177 quum
531 1113 595 1156 non
624 1091 665 1156 sit
687 1092 774 1156 Deus
804 1101 928 1177 propter
951 1101 1130 1172 creaturam,
1155 1091 1209 1156 sed
1234 1105 1351 1157 contra.

249 1204 396 1282 Quamvis
411 1203 494 1268 enim
509 1227 567 1268 noa
581 1206 642 1268 sim
657 1204 799 1289 socienda
820 1206 909 1284 mola,
924 1207 1092 1270 attentant
1114 1206 1198 1284 bono,
1220 1212 1351 1289 possunt

154 1354 159 1367 ²
247 1327 351 1382 tamen
375 1317 564 1383 sanctissime
584 1341 643 1382 aaa
665 1319 800 1402 impediri
828 1319 918 1399 mala,
943 1341 981 1383 ex
1009 1318 1122 1403 quibus
1150 1317 1351 1383 infallibiliter

247 1430 361 1494 maiora
390 1428 470 1493 bona
499 1437 670 1494 eruuntur:
707 1438 739 1493 et
763 1429 832 1493 ideo
861 1432 945 1494 Desa
969 1431 1158 1514 mnaipmtcac,
1188 1428 1290 1515 inquit
1317 1429 1350 1494 S.

247 1541 443 1626 Augustinus
457 1541 592 1624 OEncbir.
606 1563 634 1607 c.
645 1543 711 1625 ll),
726 1541 806 1605 nullo
821 1542 904 1606 modo
918 1543 1027 1606 uwel
1041 1542 1149 1606 malum
1164 1542 1284 1626 aliquod
1289 1561 1351 1606 csse

246 1658 278 1715 ia
293 1655 426 1736 operibus
440 1654 511 1732 cuis,
527 1652 585 1718 nisi
599 1673 690 1736 usqae
704 1653 775 1716 odeo
790 1660 864 1716 esset
878 1654 1068 1736 omnipotens,
1082 1652 1221 1733 ethaeas,
1232 1662 1266 1718 at
1280 1653 1350 1718 dene

237 1766 360 1846 faceret
375 1765 410 1828 de
425 1765 512 1828 mab.

290 1879 344 1942 42.
372 1878 498 1942 obiicias
523 1879 568 1942 2⁰.
614 1876 647 1940 Si
671 1873 757 1940 Deus
779 1877 879 1941 utitur
904 1877 993 1963 culpa
1019 1885 1163 1941 creaturae
1192 1885 1347 1964 tamquam

249 1992 350 2056 medio
374 1991 413 2056 ad
442 1990 571 2074 gloriam
599 2013 696 2071 suam,
722 1999 797 2056 tunc
823 1991 961 2076 providet
988 1991 1046 2055 sibi
1069 1999 1202 2070 tantum,
1227 2003 1258 2058 et
1286 2017 1348 2058 non

163 2112 165 2120 '
247 2113 411 2170 creaturae:
434 2103 518 2190 quod
531 2102 654 2168 admitti
668 2103 784 2188 nequit.
823 2103 905 2166 Nam
927 2103 954 2166 si
968 2102 1058 2187 culpa
1073 2111 1217 2167 creaturae
1232 2101 1347 2168 iudica-

247 2227 300 2284 tur
324 2241 343 2283 a
367 2220 435 2284 Deo
460 2219 596 2283 medium
622 2226 729 2304 aptum
755 2218 795 2282 ad
820 2217 1043 2303 provocandam
1073 2218 1349 2284 manifestationem

248 2331 358 2397 divinae
372 2331 583 2396 misericordiae
607 2338 660 2395 aut
680 2329 815 2408 iustitiae,
831 2329 921 2414 culpa
945 2337 1090 2394 ereaturae
1113 2330 1149 2393 fit
1171 2331 1349 2410 necessaria,

251 2444 358 2508 saltem
374 2451 603 2529 consequenter.
660 2442 722 2506 Sed
747 2440 939 2525 gubernatio,
954 2439 988 2504 in
1010 2463 1071 2525 qua
1092 2449 1250 2524 peccatum
1267 2464 1348 2506 crea·

247 2565 325 2620 turae
340 2562 386 2620 est
401 2555 605 2620 necessarium
621 2576 683 2618 non
699 2561 744 2618 est
767 2553 852 2619 utilis
875 2559 1020 2617 creaturae
1029 2577 1039 2629 3
1062 2574 1135 2637 ergo
1158 2551 1191 2617 in
1205 2553 1263 2618 hoc
1277 2576 1349 2619 casu

247 2667 333 2731 Deus
349 2666 407 2730 sibi
420 2666 602 2751 provideret,
618 2673 649 2729 et
664 2687 727 2728 non
742 2672 897 2728 creaturae.

291 2777 473 2862 Respondeo
489 2801 518 2843 a.
535 2786 596 2842 ont.
640 2776 692 2841 Ad
706 2775 917 2861 probationem
937 2797 1009 2860 napo
1031 2776 1223 2862 mppositam.
1268 2757 1349 2862 Sup-

248 2891 373 2974 ponitur
407 2889 501 2968 enim,
532 2888 616 2974 quod
637 2887 723 2952 Deus
751 2886 839 2972 prius
868 2886 1010 2951 decernat
1039 2883 1234 2952 manifestare
1263 2911 1349 2953 suam

248 3000 484 3065 misericordiam
502 2999 550 3064 vel
573 2997 733 3078 iustitiam,
749 3006 779 3062 et
805 2997 916 3063 deinde
938 2997 1079 3063 decernat
1094 2998 1141 3063 uti
1156 2999 1245 3084 culpa
1268 3023 1350 3064 crea-

248 3122 326 3177 turae
340 3109 497 3198 tamquam
513 3111 614 3176 medio
629 3119 701 3196 apto
723 3109 762 3174 ad
783 3110 863 3174 banc
884 3110 1161 3175 manifestationem
1185 3135 1349 3196 provocan-

249 3224 329 3288 dam.
376 3225 446 3288 Hoc
466 3245 537 3288 vero
555 3223 668 3286 falsum
683 3229 747 3300 est3
770 3243 843 3306 nam
863 3219 949 3286 Deus
971 3243 1033 3284 non
1052 3221 1111 3285 nisi
1130 3239 1351 3308 consequenter

249 3335 289 3400 ad
299 3335 509 3420 praevisionem
526 3333 623 3418 culpae
646 3331 878 3416 (praevisionem,
890 3333 1026 3416 inquam,
1042 3353 1105 3396 non
1118 3331 1286 3419 decretum)
1299 3336 1351 3400 de·

249 3446 345 3510 cernit
370 3468 456 3509 suam
479 3443 716 3508 misericordiam
731 3451 762 3506 et
777 3442 924 3506 iustitiam
949 3441 1159 3508 manifestare:
1184 3445 1267 3509 unde
1288 3469 1351 3511 non

249 3575 313 3630 tarn
329 3564 419 3652 culpa
434 3572 481 3627 est
496 3564 621 3627 medium
644 3560 861 3626 manifestandi
885 3560 1121 3626 misericordiam
1141 3572 1172 3627 et
1192 3563 1352 3646 iustitiam,

250 3698 342 3762 quam
366 3674 572 3739 misericordia
600 3681 631 3737 et
657 3672 774 3738 iustitia
805 3681 878 3737 sunt
910 3674 1067 3738 rcnrcdiam
1097 3684 1202 3740 contra
1235 3677 1352 3741 malurn

249 3788 356 3874 culpae.
411 3784 675 3851 Considerandum
709 3794 755 3849 est
789 3784 881 3864 enim,
904 3785 988 3870 quod
1010 3794 1158 3852 creaturae
1179 3786 1352 3860 rationales,

251 3892 331 3956 sicut
345 3890 461 3956 habent
475 3889 630 3976 propriam
644 3888 817 3952 libertatem
828 3887 948 3972 agendi,
972 3888 1016 3952 ita
1030 3897 1061 3952 et
1075 3889 1230 3973 propriam
1252 3892 1351 3975 provi·

251 4003 397 4082 dentiam,
413 4001 526 4066 utiam
540 3983 732 4064 notavimus:
765 4007 797 4064 et
823 3998 903 4063 sicut
925 3999 1059 4082 pertinet
1080 3999 1120 4062 ad
1143 3998 1276 4064 divinam
1299 4024 1353 4086 po-

255 4114 383 4206 tentiam
399 4133 577 4178 concurrere
593 4134 663 4175 cum
678 4118 815 4175 creatura
832 4118 953 4194 agente,
967 4109 1009 4173 its
1023 4109 1157 4194 pertinet
1167 4110 1207 4174 ad
1221 4110 1354 4178 divinam

253 4224 474 4310 providentiam
491 4222 622 4307 dirigere
634 4230 798 4286 creaturam
812 4223 866 4286 aaa
880 4222 1006 4305 proprio
1015 4221 1203 4305 procidentia
1217 4231 1353 4291 utentem.

253 4339 333 4402 Duae
360 4343 432 4402 sunt
449 4334 549 4428 ¹igitur
571 4332 770 4419 providentia
790 4333 823 4398 in
846 4332 989 4418 operibus
1010 4341 1157 4398 creaturae
1182 4333 1355 4402 rationalis:
