3186 4982
270 355 338 420 288
642 371 749 418 sunan
764 371 1001 418 ouroaoorcus.
1228 348 1313 434 [cnr.
1331 369 1372 412 11.

269 557 338 613 pina
348 539 490 594 actualitas.
527 537 582 594 Ha
593 540 686 594 autem
696 537 815 592 rationes
826 542 890 592 sunt
902 536 931 590 in
943 552 997 590 una
1007 534 1123 590 essentia
1134 551 1197 590 oum
1206 550 1260 605 que
1270 531 1374 588 identi-

270 627 392 695 lioentm,
401 626 467 681 licet
477 625 596 680 habeant
604 625 703 679 realem
711 623 852 678 formalem
861 622 1057 696 oppositionem
1067 621 1139 676 inter
1150 637 1193 690 se;
1211 619 1377 676 ncciaciunt

271 712 494 786 compositionem
507 711 583 783 (Vn.
596 729 622 766 n.
635 711 671 766 36
683 715 711 765 et
722 710 779 771 39).

306 799 349 853 34.
368 799 426 854 Eas
436 799 469 852 ab
481 798 540 852 alio.
560 797 642 863 Quod
656 802 699 852 est
716 796 750 851 ab
768 794 830 864 elio,
847 811 904 849 non
921 794 1072 849 necessario
1087 793 1188 860 existit,
1201 792 1249 848 sed
1266 789 1376 847 contin·

270 891 379 956 genten
397 901 452 938 non
473 884 546 939 enim
566 869 651 939 habet
670 882 701 937 in
719 882 806 954 seipso
828 881 961 935 rationem
978 897 1033 935 suae
1052 879 1222 934 existentia:
1241 879 1333 946 immo,
1351 878 1377 932 si

269 975 414 1043 poneretur
431 970 579 1025 necessario
597 969 719 1038 existere,
732 967 826 1023 statim
844 971 1001 1038 sequeretur
1017 967 1091 1040 quod
1106 985 1161 1021 non
1178 966 1294 1021 essetab
1311 965 1375 1036 elio,

270 1056 319 1112 sed
336 1074 354 1111 s
364 1073 407 1124 se;
426 1056 491 1128 quia
502 1073 550 1110 ens
567 1054 745 1110 necessarium
756 1059 785 1108 et
802 1071 850 1108 ens
868 1070 925 1108 ase
943 1071 978 1122 ex
996 1054 1156 1126 supradietis
1173 1058 1374 1108 convertimtur.

265 1141 327 1196 <Em
339 1141 372 1196 ab
384 1141 438 1196 elio
450 1147 492 1196 est
504 1141 636 1196 terminus
646 1141 793 1214 productus
804 1140 907 1194 virtute
921 1140 992 1194 entis
1004 1158 1020 1194 a
1032 1158 1060 1195 se
1075 1141 1167 1212 (VIII.
1181 1159 1207 1195 n
1220 1143 1264 1209 39,
1277 1141 1334 1210 40).

305 1227 362 1284 Euo
377 1227 412 1283 ab
424 1227 477 1283 slio
489 1233 530 1282 est
546 1227 725 1282 essentialiter
740 1226 902 1298 dependens,
914 1230 947 1280 ut
962 1231 1046 1300 patet,
1058 1231 1088 1281 et
1104 1227 1253 1282 necessario
1269 1231 1376 1282 constat

270 1319 334 1370 actu
345 1319 374 1369 et
385 1314 508 1387 potentia
521 1313 612 1384 (VIII.
625 1331 652 1366 n.
664 1313 708 1381 28,
721 1312 777 1384 29).
1220 1333 1222 1340 >

306 1399 507 1471 consequenter
516 1416 563 1454 ene
575 1398 609 1454 ab
620 1399 674 1452 alio
686 1397 989 1470 habetmetaphysicam
1001 1398 1224 1471 compositionem
1233 1398 1295 1470 (IV.
1305 1416 1332 1454 n.
1340 1399 1376 1452 43

271 1487 301 1543 in
312 1489 390 1557 nota)
403 1491 432 1540 et
444 1486 550 1557 indiget
561 1485 713 1540 conservari
723 1485 752 1538 in
764 1501 822 1540 esse
836 1484 899 1556 (IX.
912 1503 939 1538 n.
952 1485 979 1554 2,
990 1484 1031 1555 3).

305 1575 348 1628 35.
367 1574 424 1628 Ens
437 1574 471 1627 ab
483 1573 538 1627 elio
555 1577 597 1626 est
608 1559 725 1626 imitatio
737 1571 863 1644 quaedam
875 1571 934 1626 eius
952 1587 1034 1642 aquo
1047 1577 1095 1640 est,
1108 1572 1156 1627 sed
1172 1570 1201 1626 iu
1213 1571 1286 1626 linea
1304 1572 1376 1627 entis

271 1658 377 1714 infinite
389 1658 521 1712 inferiore.
559 1657 604 1712 Sic
614 1662 735 1712 ereatura
747 1661 789 1711 est
800 1655 919 1711 imitatio
931 1657 1056 1728 quaedam
1065 1657 1188 1712 Unitatis
1200 1664 1228 1712 et
1236 1658 1379 1713 Trinitatis

272 1741 372 1800 divinas
391 1746 420 1798 in
439 1749 572 1816 quantum
590 1748 696 1799 constat
716 1749 787 1814 actu,
798 1743 915 1799 termino
933 1747 962 1798 et
979 1744 1192 1816 complemento:
1210 1745 1258 1799 sed
1275 1745 1379 1800 consti-

271 1830 360 1886 tuitur
370 1833 400 1886 in
416 1831 489 1886 linea
501 1830 607 1885 infinite
622 1830 748 1884 inferiore
760 1848 809 1903 per
819 1830 872 1886 hoc
884 1831 957 1902 quod
972 1830 1001 1884 in
1013 1831 1129 1885 termino
1146 1831 1379 1903 habeatur-poten·

273 1917 372 1972 tialitas
383 1922 411 1972 et
422 1917 452 1972 in
463 1917 661 1989 complemento
679 1915 791 1970 ulterior
802 1917 999 1984 resultabila'taa3
1017 1917 1116 1972 exhor
1128 1917 1201 1972 enim
1216 1924 1293 1990 patet
1304 1920 1379 1990 quod

273 2005 357 2060 etiam
366 2010 443 2059 actius
454 2022 504 2074 qao
513 2008 634 2058 creature
643 2008 685 2056 est
694 2003 774 2057 debet
785 2019 842 2058 esse
851 2002 952 2057 finitus.
980 2002 1052 2057 Nam
1064 2008 1149 2073 aetus,
1159 2004 1235 2058 cuius
1247 2005 1380 2060 terminus

273 2097 315 2148 est
326 2091 483 2166 potentialis
498 2090 540 2162 (id
553 2096 595 2144 est
607 2089 721 2144 ulterius
737 2089 902 2161 sotuabilis),
914 2107 969 2143 non
982 2095 1074 2144 aotuet
1085 2091 1232 2144 terminum
1247 2097 1381 2164 quantum

273 2179 377 2235 actuari
393 2181 498 2250 potest;
518 2181 547 2231 et
558 2180 839 2247 consequenteraotus
856 2175 903 2230 ille
916 2180 957 2230 est
968 2175 1071 2230 finitus.
1107 2175 1182 2231 Hine
1200 2185 1318 2250 apparet,
1331 2195 1380 2234 ens

272 2265 307 2321 ab
319 2265 373 2319 elio
390 2281 445 2317 non
456 2279 534 2336 posse
551 2261 650 2318 habere
666 2261 719 2316 nisi
736 2261 843 2316 finitam
861 2261 1006 2317 essentiam
1022 2267 1050 2317 et
1061 2263 1169 2318 finitam
1187 2264 1380 2336 perfectionem

276 2351 368 2424 (VIII.
383 2369 409 2405 n.
423 2351 481 2422 39).

309 2438 352 2492 36.
370 2437 405 2490 In
422 2433 573 2491 substantia
589 2433 724 2488 materiali
737 2437 812 2488 setus
824 2433 911 2507 primo
930 2433 1036 2488 essendi
1047 2434 1148 2490 dicitur
1157 2436 1381 2510 famosatstan·

274 2523 353 2591 titiis,
366 2522 496 2576 terminus
508 2519 665 2592 potentialis
673 2519 760 2591 primo
773 2524 897 2573 actuatus
908 2519 1008 2574 dicitur
1020 2522 1140 2590 materia,
1152 2523 1382 2595 complementum

275 2625 339 2664 vero
351 2612 393 2662 est
403 2608 491 2662 onitas
502 2605 616 2661 eotuelis
634 2623 668 2660 ex
680 2605 820 2676 utrimque
832 2605 1029 2678 conspiratione
1045 2607 1178 2662 restitans
1192 2608 1227 2680 (1.
1240 2627 1268 2663 n.
1282 2608 1324 2679 10,
1337 2609 1381 2677 19,

275 2696 320 2766 20,
332 2694 390 2765 35).
632 2721 637 2730 ·

310 2779 500 2836 Potentialitas
512 2778 621 2833 termini
638 2783 679 2832 est
689 2777 767 2832 realis
783 2777 933 2850 passivitas.
970 2779 1043 2833 Nem
1055 2780 1088 2834 de
1103 2780 1207 2836 ratione
1217 2780 1327 2835 termini
1339 2783 1382 2836 est

275 2867 349 2940 quod
369 2867 485 2939 accipiat
501 2865 620 2939 primum
637 2881 694 2918 esse
713 2881 730 2918 a
750 2881 799 2918 suo
811 2869 890 2919 actus
909 2864 981 2919 unde
999 2883 1163 2938 consequens
1180 2871 1222 2922 est
1239 2867 1311 2938 quod
1323 2865 1382 2921 eius

274 2953 458 3027 potentialitas
477 2951 607 3007 consistet
626 2951 656 3004 in
675 2950 827 3023 aptitudine
848 2949 883 3005 ad
902 2951 1088 3023 accipiendum
1108 2953 1256 3008 secundum
1273 2971 1330 3009 esse
1347 2952 1381 3009 ab

275 3043 339 3094 actu
350 3038 454 3110 agentis
468 3055 515 3092 sen
526 3036 661 3092 moventis
674 3036 736 3108 (VI.
749 3054 775 3091 n.
788 3037 846 3104 33).
883 3037 1076 3093 Potentislitas
1088 3044 1180 3094 autem
1192 3031 1381 3112 complementi

275 3143 331 3180 non
342 3128 385 3178 est
395 3124 502 3197 proprie
519 3122 635 3195 passiva,
648 3122 695 3177 sed
707 3122 873 3190 rmaltatiua3
890 3141 955 3178 nem
966 3124 1058 3180 unitas
1073 3117 1215 3181 existentis
1226 3145 1278 3182 non
1289 3127 1382 3198 acepit

277 3228 328 3266 essa
348 3210 383 3263 ab
401 3213 472 3276 actu,
484 3208 531 3263 sed
552 3209 659 3262 restittat
676 3225 711 3262 ex
731 3208 928 3280 conspiratione
948 3214 1025 3266 actius
1043 3216 1072 3266 et
1088 3212 1215 3284 termini3
1234 3218 1262 3268 et
1279 3213 1340 3268 ideo
1357 3213 1381 3268 si

277 3295 409 3351 terminus
427 3293 481 3348 elia
498 3298 526 3347 et
543 3293 598 3346 alia
614 3293 718 3347 ratione
739 3298 862 3348 actuetur
879 3295 1032 3368 recipiendo
1049 3301 1162 3367 motum,
1174 3300 1306 3354 reattulit
1323 3299 1382 3354 sine
1423 3319 1426 3325 ¹

278 3382 333 3438 elio
350 3379 443 3436 addito
460 3379 514 3434 elie
532 3383 561 3434 et
576 3378 632 3433 alia
646 3378 717 3433 retio
732 3379 875 3452 existendi,
887 3386 916 3437 et
933 3383 1024 3437 unitas
1042 3381 1099 3438 eius
1115 3383 1164 3438 liet
1180 3384 1382 3442 accidentaliter

279 3470 333 3525 elia
345 3472 373 3524 et
385 3467 446 3522 alia.

312 3555 356 3610 37.
374 3554 408 3607 In
424 3551 576 3608 substantia
587 3550 721 3623 spirituaii
738 3552 912 3625 comprimo
928 3554 1034 3609 essendi
1046 3535 1087 3609 est
1103 3556 1265 3628 principium
1282 3575 1382 3631 cogno·

278 3641 373 3698 scibile
393 3637 561 3694 aetustivum
584 3637 763 3709 cognitionis:
788 3638 920 3694 terminus
942 3639 1030 3713 primo
1053 3645 1176 3696 aetuatus
1200 3647 1242 3698 est
1265 3645 1383 3716 primum

278 3726 435 3800 cognitum:
455 3723 683 3796 complementum
695 3728 736 3778 est
749 3723 839 3778 unitas
849 3724 969 3780 formalis
985 3723 1144 3781 substantiae
1162 3729 1293 3785 resultans
1304 3749 1338 3784 ex
1350 3749 1384 3786 eo

279 3814 351 3887 quod
368 3811 508 3884 cognitum
523 3809 561 3864 sit
576 3809 606 3864 in
622 3809 755 3882 principio
772 3810 814 3864 sui
832 3811 969 3873 aetimtiyo
983 3812 1080 3883 (quum
1096 3830 1175 3868 omne
1192 3815 1331 3886 cognitum
1347 3817 1384 3872 sit

278 3901 310 3975 in
319 3896 508 3971 cognoscente)
521 3899 550 3950 et
560 3895 724 3968 principium
738 3895 828 3968 ipsum
841 3896 1002 3968 cognitionis
1018 3898 1054 3954 sit
1070 3899 1099 3953 in
1111 3900 1219 3971 cognito
1236 3902 1384 3956 seeundum

281 4003 358 4042 suam
368 3981 628 4056 cognoscibilitatem
641 3982 785 4055 cognitam,
794 3986 823 4036 et
833 3981 873 4038 sic
882 3983 1066 4056 utrumque'in
1078 3986 1212 4040 unitatem
1223 3989 1385 4060 completam

279 4071 443 4144 conspirent.
479 4068 542 4123 Hoc
558 4067 787 4140 complementum
803 4065 887 4123 habet
896 4069 1029 4124 rationem
1041 4071 1138 4126 αιιιοιιι
1149 4072 1288 4128 eumdem
1303 4074 1384 4147 primi

280 4166 309 4214 et
328 4155 479 4225 necessarii,
498 4170 553 4227 ¹(luo
574 4152 725 4210 substantia
746 4152 862 4226 seipsum
881 4160 915 4210 ut
935 4155 988 4212 sibi
1005 4155 1104 4212 bonam
1124 4164 1206 4228 amat,
1222 4167 1385 4216 non'mets-

279 4245 389 4319 phorice
406 4246 522 4310 tentum,
534 4240 606 4296 sieut
624 4239 679 4296 diei
697 4242 788 4312 petest
799 4241 834 4296 de
851 4241 925 4296 omni
942 4248 1013 4313 ente,
1025 4243 1073 4300 sed
1090 4244 1211 4318 proprie3
1230 4246 1294 4318 quie
1311 4265 1386 4304 emor

277 4332 323 4387 hie
335 4330 449 4385 resultat
461 4345 495 4382 ex
507 4327 661 4399 cognitione
674 4327 737 4398 (IV.
749 4345 776 4382 n.
790 4327 883 4400 3-13).
