3212 4986
224 378 292 422 cur.
310 359 349 442 u]
703 379 745 420 nn
763 379 836 420 nno.
1276 359 1321 420 27

225 541 365 606 stantiale
379 541 637 628 complementum
653 542 745 606 babet
760 543 914 606 evidenter
930 541 1039 606 realem
1055 540 1209 605 relativam
1229 563 1323 624 oppo-

226 652 366 716 sitionem
381 653 441 737 ipsi
456 654 683 739 conspirationi,
698 677 734 718 cx
752 676 813 739 qua
833 653 978 718 resultat:
1001 664 1032 717 et
1052 676 1107 737 per
1126 654 1184 716 boc
1205 651 1325 716 realiter

225 763 348 827 relative
371 763 572 848 distinguitur
589 765 627 828 ab
649 775 719 829 actu
734 764 919 829 intellectivo
933 772 964 828 et
979 764 1044 827 eius
1058 763 1188 828 termino
1203 760 1239 826 ut
1253 784 1324 826 con·

226 874 422 959 spirantibus,

270 987 449 1051 Notandum
465 996 568 1051 autern
586 997 642 1066 est,
658 988 741 1071 quod
762 988 843 1066 lieet,
859 987 1027 1071 generatim
1047 986 1210 1071 loquendo,
1225 985 1326 1050 omnis

227 1106 312 1162 actus
335 1099 452 1182 primus
474 1098 594 1163 ersendi
615 1107 651 1162 ut
674 1099 727 1178 sic,
742 1108 772 1162 et
794 1099 944 1163 terminus
965 1098 1030 1163 eius
1045 1098 1238 1176 intrinsecus,
1254 1119 1326 1160 con-

227 1209 344 1292 spirent
358 1219 479 1273 tantum
495 1211 528 1273 in
544 1211 693 1274 unitatem
709 1210 828 1274 essendi
842 1209 977 1294 physice,
994 1208 1142 1294 complete
1157 1209 1236 1272 etin
1256 1217 1327 1272 actu

229 1319 371 1399 secund0,
388 1329 490 1384 tamen
506 1322 538 1383 in
554 1321 638 1384 omni
653 1330 723 1385 ente
739 1321 912 1386 intellectiva
936 1321 1000 1383 haec
1022 1319 1123 1383 unitas
1145 1318 1237 1382 habet
1259 1341 1326 1402 per·

228 1431 382 1496 laetiorem
392 1432 552 1497 rationem.
590 1432 673 1495 Nam
684 1433 716 1494 in
726 1431 897 1496 substantia
908 1429 1106 1494 intellectuali
1114 1437 1200 1493 actus
1211 1429 1329 1512 primus

230 1543 349 1607 ersendi
359 1543 496 1606 estidem
509 1565 543 1607 ac
554 1554 641 1607 actus
653 1544 770 1627 primus
785 1542 977 1627 intelligendi
997 1541 1080 1626 (quia
1095 1540 1266 1624 intelligere
1281 1549 1328 1604 est

229 1677 294 1717 esse
309 1653 536 1738 intelligentis),
552 1664 583 1718 et
597 1654 663 1718 eiua
673 1655 822 1718 terminus
833 1655 1017 1718 intrinsecus
1032 1661 1079 1716 est
1102 1651 1328 1736 repraesentatio

230 1788 284 1828 seu
305 1765 374 1830 idea
395 1767 532 1830 entitatis
553 1765 754 1850 intelligibilis
776 1766 894 1830 inacta
917 1765 1016 1849 primo
1031 1764 1199 1828 existentis.
1246 1763 1329 1826 Hinc

231 1877 413 1962 conspiratio
433 1878 595 1942 cuiuslibet
616 1887 701 1942 actus
720 1877 896 1942 intellectivi
914 1899 984 1941 cum
1000 1898 1056 1940 suo
1069 1875 1200 1940 termino
1215 1875 1247 1938 in
1259 1874 1329 1937 uni·

231 1996 326 2050 tatem
353 1988 472 2052 essendi
497 2011 560 2052 non
581 1988 654 2052 dicit
670 1988 924 2072 conspirationem
941 1987 980 2052 ad
1003 1986 1180 2071 simpliciter
1200 1986 1330 2050 coinani-

233 2099 387 2177 stendum,
415 2101 469 2164 sed
493 2099 532 2164 ad
563 2099 824 2163 coinexistendum
858 2098 915 2162 sub
946 2098 1063 2162 ratione
1087 2097 1203 2181 cogniti
1227 2107 1257 2162 et
1281 2119 1331 2161 co·

233 2212 418 2292 gnoseentis.
463 2210 568 2287 Quum
583 2233 663 2288 vero,
679 2211 711 2273 in
727 2209 901 2292 cognitione
921 2209 969 2272 aui
992 2231 1066 2287 esse,
1083 2209 1193 2272 entitas
1215 2208 1332 2292 cogniti

207 2399 214 2412 ⁵
233 2334 382 2406 congruat
406 2323 573 2386 necessario
588 2331 623 2397 et
643 2321 823 2406 respondeat
843 2320 965 2384 entitati
985 2319 1205 2403 cognoscentis,
1221 2329 1252 2383 et
1274 2319 1332 2383 hoc

233 2434 344 2498 habeat
364 2433 512 2500 rationem
538 2433 611 2497 boni
635 2431 845 2496 substantialis
867 2440 899 2495 et
921 2430 1080 2494 intrinseci
1104 2453 1160 2515 pro
1178 2438 1249 2494 ente
1268 2439 1331 2493 tarn

234 2554 269 2608 ut
291 2545 414 2628 cognito
436 2567 527 2628 quarn
550 2554 585 2608 ut
604 2552 816 2628 cognoscente,
832 2551 863 2606 et
878 2564 975 2626 quum
990 2541 1173 2626 conspiratio
1187 2541 1219 2604 in
1235 2564 1333 2605 unum

234 2655 291 2719 sub
306 2657 423 2720 ratione
438 2655 511 2719 boni
525 2655 640 2739 cogniti
655 2665 685 2719 et
701 2654 858 2739 praesentis
873 2654 913 2718 sit
928 2653 1111 2736 conspiratio
1126 2653 1236 2716 amoris
1251 2675 1333 2716 com-

234 2766 401 2850 placentiae,
425 2766 681 2850 complementum
702 2765 772 2829 talis
794 2763 1025 2848 conspirationis
1048 2763 1191 2827 nouerit
1217 2763 1334 2848 simpli-

234 2879 309 2943 citer
339 2878 441 2942 unitas
477 2877 611 2942 formalis
644 2876 820 2955 existentiae,
851 2875 903 2962 sed
932 2877 1032 2939 unitas
1055 2875 1196 2958 formalis
1229 2877 1336 2938 amoris

234 2989 446 3052 substantialis.
492 2989 558 3052 Has
586 2987 726 3052 notiones
749 2987 810 3050 iarn
832 2985 904 3050 alibi
926 2985 1102 3064 evolvimus,
1119 2985 1193 3048 dum
1223 2985 1336 3048 consti·

237 3101 333 3164 tutiva
362 3099 533 3164 essentialia
563 3098 740 3164 substantiae
770 3097 934 3181 spiritualis
963 3096 1220 3180 investigavimus
1276 3096 1337 3158 Sed

237 3212 320 3297 quod
346 3213 378 3276 in
399 3221 535 3278 creatura
561 3211 711 3294 spirituali
734 3219 780 3274 est
803 3209 841 3274 ad
856 3209 982 3274 modum
995 3207 1204 3272 similitudinis
1216 3207 1338 3290 partici-

237 3333 326 3408 patae,
347 3324 424 3388 illud
439 3323 545 3408 procul
560 3323 654 3388 dubio
668 3323 701 3385 in
717 3323 793 3400 Deo,
812 3332 969 3405 tamquam
985 3320 1017 3382 in
1032 3321 1118 3384 fonte
1132 3329 1163 3383 et
1178 3319 1340 3403 exemplari

239 3437 339 3498 omnis
354 3435 507 3514 realitatis,
524 3435 642 3497 infinite
658 3433 767 3496 melius
782 3432 894 3496 existit.

232 3599 234 3602 .
283 3548 380 3611 Actus
402 3547 498 3630 igitur
520 3545 723 3610 intellectivus
745 3542 989 3621 infinituS,.sicut
1007 3541 1189 3605 terminatur
1211 3540 1341 3606 termino

233 3659 493 3724 consubstantiali
514 3658 645 3734 infinito,
662 3657 705 3720 ita
727 3655 846 3720 infinite
869 3653 1021 3737 conspirat
1042 3675 1112 3717 cum
1129 3653 1185 3716 hoc
1200 3653 1340 3731 termino,

243 3770 465 3854 conspiratione
480 3769 590 3832 amoris
606 3767 707 3830 mutui
722 3774 753 3829 et
768 3765 947 3844 essentialis,
963 3764 1001 3828 ad
1016 3765 1168 3828 infinitam
1184 3763 1340 3826 formalem

244 3884 402 3960 unitatem,
418 3904 486 3965 quae
501 3883 660 3944 aeternitas
675 3881 794 3956 amaria,
810 3878 1023 3960 complacentia
1038 3885 1068 3939 et
1088 3876 1275 3938 beatitudinis
1297 3877 1341 3938 in·

232 3995 343 4078 finita,
369 3993 443 4077 ipsis
473 3990 718 4076 conspirantibus
748 3987 1026 4065 consubstantialis,
1051 3995 1081 4052 et
1111 3986 1267 4071 adaequate
1296 4010 1343 4051 re-

233 4106 398 4189 spondens
413 4105 541 4168 infinitae
556 4101 745 4178 amabilitati,
758 4123 850 4185 quam
866 4099 987 4162 infinita
1002 4097 1237 4180 intelligibilitas
1252 4098 1344 4163 habet

248 4227 281 4279 ut
296 4215 449 4279 intellecta
464 4214 496 4277 in
511 4212 710 4296 intelligente.

290 4330 343 4391 35.
366 4328 474 4406 botua,
501 4348 562 4409 quo
583 4324 769 4409 ,producitur
800 4321 948 4386 terminus
978 4318 1246 4386 consubstantialis
1275 4342 1345 4404 pro-
