3212 4986
286 372 331 434 54
769 401 812 444 nn
829 401 904 445 nno.
1226 379 1314 465 [car.
1331 399 1386 442 111.

287 557 492 628 introducitur
517 562 726 650 contingentia
748 565 781 630 in
807 565 876 631 Deo
905 563 980 630 dum
1006 563 1119 628 dicitur
1142 562 1227 628 Deua
1248 561 1326 626 liber
1349 560 1389 624 ad

287 669 451 738 volendum
467 673 525 740 hoc
539 676 586 740 vel
603 676 690 756 illud,
706 676 760 742 sed
779 684 961 742 connotatur
982 675 1192 760 contingentia
1209 674 1241 738 in
1256 672 1388 737 termino

286 782 390 864 volito,
412 807 430 849 a
456 809 517 872 quo
542 788 646 854 volitio
672 788 780 873 accipit
806 810 893 853 suam
914 786 1071 852 formalem
1099 785 1387 851 denominationem.

287 893 396 980 Itaque
418 898 545 964 solvitur
567 909 632 965 tota
660 899 822 966 difficultas
846 899 975 965 dicendo
1000 898 1083 985 quod
1105 897 1209 962 volitio
1234 897 1307 962 boni
1336 919 1387 961 ex·

285 1005 409 1072 trinseei
431 1011 582 1076 entitotive
602 1020 718 1096 sumptu
732 1033 795 1075 non
817 1018 999 1096 potestesse
1021 1019 1053 1075 et
1066 1031 1130 1073 non
1152 1032 1237 1074 esse:
1260 1008 1314 1073 sed
1329 1018 1387 1074 ter-

285 1121 422 1185 minatice
442 1131 558 1208 sumpta
583 1131 683 1208 potest
705 1146 771 1188 esse
793 1132 823 1189 et
849 1146 912 1188 nou
934 1146 1011 1205 esse,
1028 1123 1100 1209 quia
1121 1131 1222 1207 potest
1244 1121 1387 1186 adhunc

284 1229 451 1296 terminum
473 1233 630 1298 terminari
643 1233 690 1300 vel
707 1256 770 1299 non
791 1235 959 1298 terminari.
1004 1235 1048 1298 At
1070 1234 1142 1319 quia
1162 1233 1317 1298 terminari
1339 1232 1387 1296 vel

284 1361 348 1404 non
370 1344 527 1408 terminari
548 1355 595 1410 est
614 1345 712 1411 dicere
733 1345 909 1411 relationem
930 1345 969 1410 ad
991 1345 1107 1431 aliquid
1128 1345 1340 1422 extrinsecum,
1356 1353 1387 1408 et

283 1449 389 1517 relatio
409 1454 558 1520 eiusmodi
573 1479 636 1522 non
654 1466 754 1522 mutat
773 1457 937 1522 intrinsece
954 1457 986 1521 id
1004 1455 1043 1522 de
1062 1479 1123 1542 qno
1144 1456 1335 1541 praedicatur,
1350 1464 1386 1520 ut

284 1585 376 1648 supra
399 1575 555 1633 ostensum
579 1578 636 1650 est,
658 1569 727 1634 ideo
749 1569 863 1648 volitio,
884 1569 946 1634 sive
970 1570 1151 1634 terminetur
1174 1567 1213 1633 ad
1235 1569 1303 1648 hoc,
1324 1569 1386 1633 aive

283 1695 357 1755 nou,
375 1677 479 1742 eadem
503 1679 537 1744 in
560 1703 592 1744 se
616 1679 753 1746 absolute
775 1689 889 1762 manet,
905 1689 936 1745 et
959 1680 1082 1746 libertas
1104 1681 1288 1745 terminandi
1309 1680 1384 1745 voli-

281 1786 397 1852 tionem
420 1789 459 1855 ad
480 1790 549 1873 hoc,
564 1791 611 1856 vel
630 1815 693 1858 non
713 1791 907 1872 terminandi,
923 1790 1040 1856 nullam
1062 1791 1209 1877 importat
1229 1791 1398 1880 mutabili·-

281 1908 376 1965 tatem
391 1902 595 1969 intrinsecam.

324 2013 378 2078 65.
401 2014 448 2079 Ex
462 2015 511 2080 his
525 2014 769 2081 concludendum
785 2025 842 2096 est,
857 2016 1029 2082 libertatem
1044 2016 1104 2081 Dei
1118 2016 1152 2080 in
1170 2026 1241 2082 actu
1255 2015 1385 2081 creativo

282 2132 313 2189 et
336 2125 369 2189 in
395 2127 480 2191 omni
503 2149 593 2212 opere
619 2151 674 2194 suo
700 2128 739 2193 ad
766 2139 850 2194 extra
874 2129 1038 2194 consistere
1060 2128 1332 2193 fundamentaliter
1353 2136 1384 2192 et

283 2235 479 2302 materialiter
499 2238 533 2302 in
554 2239 792 2324 independentia
813 2239 952 2305 absoluta
975 2239 1070 2304 divini
1092 2246 1178 2304 actus
1207 2237 1385 2303 excludente

281 2368 403 2412 omnem
426 2350 630 2414 necessarium
644 2373 756 2415 nexum
779 2351 860 2415 inter
874 2351 976 2415 Deum
992 2359 1022 2415 et
1045 2350 1104 2414 alia
1121 2373 1138 2414 a
1153 2349 1221 2414 Deo
1242 2348 1384 2433 produci·

281 2457 374 2524 bilia:
396 2460 564 2526 formaliter
578 2469 681 2527 antem
697 2463 860 2528 consistere
874 2462 907 2525 in
922 2461 1132 2546 contingentia
1146 2482 1242 2525 nexus
1257 2459 1385 2525 actualis

280 2571 361 2636 inter
384 2582 486 2636 actum
511 2573 620 2638 divinae
649 2574 814 2638 voluntatis
840 2584 871 2639 et
899 2574 1066 2639 terminum
1095 2571 1207 2636 realem
1236 2581 1383 2637 creatum.

281 2682 350 2748 Hoc
372 2685 548 2769 exprimunt
569 2685 673 2770 plures
692 2686 828 2770 theologi
850 2685 978 2750 dicendo
1001 2685 1083 2771 quod
1103 2694 1187 2750 actua
1205 2686 1266 2748 Dei
1286 2706 1383 2748 ncces-

280 2797 377 2860 sariua
391 2797 549 2880 completur
571 2800 603 2861 in
616 2819 677 2862 esse
683 2798 854 2881 smmaaliter
876 2799 960 2861 lidori
967 2820 1025 2882 per
1040 2799 1194 2862 temanum
1211 2797 1319 2861 realem
1333 2817 1384 2860 ea·

282 2909 447 2972 tricoccum.
492 2907 571 2973 Vide
596 2909 716 2973 Platelii
743 2909 907 2996 Synopsim
938 2907 1196 2990 Theologiae,'vol.
1213 2907 1234 2972 i.
1291 2905 1384 2983 Quod

282 3025 384 3082 autem
406 3018 516 3083 attinet
538 3019 577 3084 ad
592 3020 793 3085 differentiam
813 3021 892 3085 inter
909 3023 1088 3086 voluntatem
1101 3021 1219 3084 cremadi
1240 3026 1271 3083 et
1285 3018 1385 3102 ipsam

281 3131 424 3196 actualem
438 3134 621 3213 erectionem,
637 3133 801 3197 dicendum
823 3133 906 3218 quod
925 3133 990 3198 haec
1012 3132 1183 3197 differentia
1204 3129 1283 3194 nihil
1300 3130 1384 3195 aliud

281 3243 427 3328 importat
437 3242 497 3306 nisi
508 3242 591 3328 quod
604 3244 637 3308 in
649 3244 805 3308 voluntate
819 3244 943 3310 creandi
954 3245 1104 3308 terminus
1115 3243 1204 3307 realis
1214 3250 1384 3307 connotetur

280 3364 315 3419 ut
340 3357 510 3436 restitum,
534 3357 567 3419 in
592 3355 703 3420 actuali
728 3356 880 3421 creatione
905 3364 1076 3421 connotetar
1096 3363 1131 3419 ut
1156 3356 1299 3438 occipiens
1322 3356 1384 3418 eci·

281 3467 427 3530 atentiam.
472 3464 577 3543 Quum
593 3487 662 3531 vero
685 3467 718 3531 in
740 3468 910 3532 aeternitate
924 3467 983 3532 Dei
1003 3489 1065 3531 non
1087 3466 1176 3531 detur
1189 3467 1330 3530 futurum
1353 3475 1384 3530 et
1429 3498 1435 3512 ·

281 3599 415 3662 praesena
436 3599 473 3641 ex
487 3585 573 3661 parte
596 3577 653 3657 sni,
669 3577 723 3643 sed
742 3586 864 3643 tanturn
887 3587 1027 3663 exparte
1048 3600 1162 3657 rerum,
1177 3600 1245 3662 quae
1267 3600 1384 3642 sucees-

282 3689 397 3753 sionem
420 3688 501 3752 inter
521 3710 552 3752 se
567 3688 691 3770 habent,
706 3696 791 3774 patet
813 3689 898 3754 illam
921 3689 1122 3754 differentiam
1144 3710 1208 3754 non
1227 3698 1330 3772 tenere
1353 3710 1385 3752 se

280 3823 318 3865 ex
333 3807 419 3886 parte
433 3799 504 3878 Dei,
516 3798 569 3864 sed
583 3822 620 3864 ex
634 3810 720 3886 parte
735 3801 947 3881 terminorum,
959 3809 990 3865 et
1004 3822 1067 3865 non
1083 3799 1267 3865 constituere
1281 3799 1383 3864 Deum

280 3913 420 3976 ookutem
442 3934 542 3976 creare
558 3911 738 3977 distinctum
758 3936 776 3977 a
797 3913 867 3994 Deo
885 3917 954 3977 actu
973 3921 1089 3977 creante
1110 3911 1227 3975 ratione
1247 3910 1385 3975 entitatis

281 4023 401 4102 divinae,
416 4022 470 4086 sed
490 4023 606 4087 ratione
624 4023 761 4090 entitatis
775 4023 978 4089 terminorum
1000 4022 1054 4108 qui
1069 4022 1186 4087 diverso
1207 4020 1297 4086 modo
1312 4044 1384 4086 con·

281 4143 438 4200 notantur.

324 4248 378 4311 66.
401 4247 499 4310 Actus
516 4247 675 4326 creativus,
695 4255 731 4312 ut
754 4248 914 4328 creativus,
929 4256 975 4312 est
999 4244 1199 4312 essentialiter
1220 4243 1384 4324 relativus3

280 4378 334 4445 per
357 4355 444 4422 illum
464 4357 546 4423 enim
569 4357 752 4444 principium
776 4357 968 4423 immutabile
990 4357 1082 4422 refert
1104 4378 1136 4420 ae
1154 4356 1193 4420 ad
1216 4355 1383 4420 terminum
