3240 4986
231 400 302 443 car.
320 380 360 463 n]
542 404 583 446 nn
601 400 743 448 acrronn
761 404 819 447 nar
837 405 873 448 ιιι
891 403 1021 448 nunno.
1270 383 1332 446 14⁷

157 559 158 563 ¹
230 569 384 649 entitates,
410 569 478 654 quae
504 572 673 636 conservari
700 572 867 657 indigeant,
895 572 949 637 sed
975 579 1048 636 sunt
1074 577 1230 654 respectus
1255 566 1332 632 acei-

231 677 367 745 dentales
385 682 565 747 substantia
581 692 617 747 ut
639 685 797 748 existentis
816 685 847 748 in
867 685 965 769 spatio
988 691 1019 748 et
1039 683 1209 760 duratione,
1225 687 1260 744 ut
1280 702 1331 744 ex·

229 790 410 874 plicavimus
431 792 465 856 in
479 801 612 857 tractatu
635 794 673 858 de
695 793 902 858 accidentibus
919 795 963 878 (n.
979 795 1120 878 zuo-cb:
1142 792 1232 856 etsie
1254 790 1332 854 nibil

229 900 344 966 habent
360 902 443 988 quod
463 904 633 988 specialiter
655 906 824 970 conservari
838 905 982 991 postulet.
1027 903 1191 981 Quantitas
1206 903 1264 967 alia
1285 911 1332 968 est

229 1034 345 1092 massae,
361 1037 429 1098 quae
444 1015 580 1099 exsurgit
595 1038 631 1080 ex
646 1039 766 1108 summa
780 1017 999 1082 elementorum
1014 1016 1202 1093 substantiae,
1213 1023 1244 1079 et
1259 1037 1331 1079 eon-

230 1133 346 1191 servata
369 1125 541 1191 substantia
563 1127 783 1193 elementorum
804 1151 868 1192 non
891 1137 991 1213 potest
1014 1150 1077 1192 non
1099 1150 1184 1192 esse:
1208 1126 1331 1191 aliaest

228 1235 401 1316 voluminis,
417 1259 485 1322 quae
500 1238 638 1303 consistit
653 1239 686 1302 in
701 1239 899 1304 relationibus
913 1239 1099 1318 extrinsecis,
1115 1260 1244 1324 quarum
1259 1236 1331 1301 fun-

230 1347 408 1412 damentum
428 1357 475 1412 est
490 1350 624 1434 spatium
646 1349 839 1416 absolutum:
863 1352 974 1416 sufficit
989 1345 1061 1435 ergo
1081 1371 1256 1415 conservare
1270 1356 1332 1412 ter·

229 1458 340 1538 minos,
353 1469 388 1523 ut
403 1459 565 1523 relationes
580 1460 639 1524 illae
653 1471 818 1527 serventur.
865 1461 1035 1539 Qualitates
1049 1460 1116 1526 aliae
1130 1469 1203 1524 sunt
1218 1459 1331 1536 activae,

229 1570 296 1634 aliae
319 1570 457 1654 passivae,
484 1579 516 1635 et
539 1571 729 1637 reducuntur
754 1572 794 1637 ad
818 1573 896 1638 vires
922 1573 1034 1637 activas
1059 1580 1090 1636 et
1115 1571 1249 1656 passivas
1272 1571 1332 1634 ele-

230 1689 382 1746 mentares
405 1680 462 1745 sub
485 1681 695 1746 determinatis
718 1683 915 1749 relationibus
937 1683 1084 1748 localibus
1105 1683 1278 1761 enitentes,
1296 1689 1332 1745 ut

228 1791 362 1856 vidimus
386 1792 421 1855 in
446 1799 578 1857 tractatu
605 1791 642 1857 de
665 1793 882 1858 accidentibus.
928 1793 1040 1873 Quare,
1064 1814 1159 1878 quum
1182 1791 1261 1856 vires
1282 1790 1342 1856 hae·

230 1910 446 1968 conserventur
466 1924 501 1967 eo
516 1903 583 1988 ipso
604 1904 687 1988 quod
701 1904 851 1968 elementa
871 1904 971 1989 quoad
987 1903 1190 1968 substantiam
1210 1924 1330 1966 conser-

228 2024 349 2095 vantur,
373 2024 405 2080 et
426 2014 588 2080 relationes
611 2014 720 2081 locales
742 2039 778 2081 ex
799 2040 897 2102 nuper
919 2018 1009 2082 dictis
1030 2016 1148 2080 nullam
1171 2013 1330 2098 specialem

229 2126 489 2191 conservationem
514 2127 681 2212 postulent,
706 2128 793 2192 nulla
821 2129 953 2214 qualitas
982 2128 1142 2214 specialem
1171 2125 1331 2211 positivam

230 2237 488 2302 conservationem
513 2238 659 2322 postulat.
704 2238 841 2304 Tandem
870 2239 975 2304 relatio
1004 2238 1125 2302 nullum
1153 2237 1332 2300 hebetasse

229 2344 401 2432 physicum,
425 2356 461 2411 ut
490 2347 562 2413 alibi
587 2349 688 2413 visum
716 2358 781 2414 est:
804 2358 835 2414 et
865 2350 1048 2415 conservatis
1071 2348 1272 2414 fundamento
1301 2354 1332 2410 et

229 2457 369 2520 terminis
395 2458 468 2522 satis
494 2467 699 2539 conservatur,
725 2469 762 2523 ut
790 2469 885 2546 patet.
930 2461 1014 2544 Ergo
1043 2459 1164 2524 nullum
1193 2458 1332 2523 accidens

230 2566 352 2652 speciali
366 2569 593 2634 conservatione
607 2569 736 2655 indiget.

272 2678 379 2742 Posset
395 2701 551 2762 superesse
565 2679 694 2744 dubium
717 2681 755 2745 de
770 2681 927 2746 habitibus
941 2689 1008 2746 tum
1024 2679 1247 2766 cognoscitivis,
1262 2687 1331 2742 tum

229 2790 402 2874 appetitivis
424 2791 486 2856 sive
508 2791 700 2856 naturalibus
723 2791 785 2856 sive
807 2792 1098 2877 supernaturalibus,
1119 2791 1173 2878 qui
1195 2812 1330 2874 eompre-

228 2899 407 2965 henduntur
421 2900 479 2965 sub
495 2902 650 2986 qualitate.
696 2903 740 2966 Hi
755 2911 857 2967 autem
872 2903 1005 2983 babitus,
1021 2926 1116 2989 quum
1131 2901 1283 2967 resideant
1296 2900 1330 2964 in

229 3010 405 3096 passivitate
425 3012 631 3096 cognoscitiva
645 3020 676 3077 et
690 3012 865 3097 appetitiva,
881 3022 916 3078 ut
938 3014 1010 3078 alibi
1024 3014 1194 3078 indicatum
1216 3019 1263 3076 est
1280 3010 1330 3094 (de

229 3120 400 3186 substantia
425 3122 584 3208 spirituali,
609 3145 640 3187 n.
664 3124 732 3204 83),
748 3124 898 3189 resultant
928 3147 964 3189 ex
988 3124 1237 3210 impressionibus
1267 3122 1330 3186 sive

228 3233 429 3315 naturalibus,
444 3235 507 3300 sive
526 3236 827 3321 supernaturalibus:
850 3245 881 3301 et
899 3237 1112 3323 impressiones
1134 3235 1259 3322 quidem
1282 3233 1329 3298 vel

228 3368 246 3409 a
259 3345 327 3410 Deo
341 3346 408 3432 ipso
424 3355 555 3427 tantum,
570 3346 618 3413 vel
635 3370 706 3412 cum
728 3369 878 3413 concursu
897 3349 957 3413 Dei
972 3349 1061 3429 fiunt,
1076 3357 1112 3412 ut
1132 3346 1328 3412 ostendemus

227 3456 322 3522 infra:
346 3457 400 3522 sed
422 3457 590 3542 dispositio,
606 3480 675 3543 quae
694 3466 798 3523 manet
817 3457 851 3523 in
873 3458 1008 3524 subiecto
1025 3467 1095 3545 post
1114 3455 1249 3544 receptas
1270 3458 1328 3520 im-

227 3568 406 3653 pressiones,
422 3577 469 3634 est
484 3577 514 3634 et
528 3569 595 3655 ipsa
617 3570 744 3654 simplex
764 3569 952 3635 resultantia.
998 3569 1083 3636 Hine
1104 3570 1193 3650 sicut,
1209 3568 1327 3634 conser-

226 3680 303 3744 vatis
323 3679 437 3746 viribus
460 3679 649 3766 simplicibus
671 3690 801 3746 nonest
822 3703 945 3746 necesse
967 3681 1134 3766 specialiter
1158 3679 1327 3758 conservari

226 3813 330 3856 earum
362 3790 569 3871 resultantem,
600 3792 652 3872 ita,
683 3792 867 3857 conservatis
895 3785 1156 3878 impressionibus,
1186 3811 1249 3854 non
1278 3798 1325 3853 est

226 3924 348 3967 necesse
363 3903 532 3984 specialiter
553 3904 722 3968 conservari
737 3903 877 3967 habitum
898 3926 943 3968 er·
953 3903 991 3967 iis
1009 3903 1219 3967 resultantem.
1263 3901 1327 3964 Im-

226 4014 396 4098 pressiones
422 4022 524 4078 autem
549 4013 637 4078 factae
660 4015 692 4078 in
716 4015 818 4079 anima
840 4015 902 4079 sive
924 4037 942 4078 a
964 4015 1031 4079 Deo
1052 4014 1114 4079 sive
1137 4013 1175 4078 ab
1201 4011 1327 4076 obiectis

225 4119 443 4191 conservantur
465 4124 661 4189 habitualiter
686 4147 722 4188 eo
744 4126 811 4210 ipso
835 4125 917 4210 quod
939 4133 1133 4190 conservetur
1156 4123 1327 4188 substantia

226 4235 355 4301 animae:
380 4257 441 4298 non
467 4234 549 4298 enim
580 4243 652 4299 sunt
678 4235 710 4298 in
734 4244 873 4300 concreto
899 4235 1014 4320 aliquid
1040 4236 1078 4299 ab
1103 4236 1169 4320 ipsa
1190 4237 1328 4319 potentia

226 4347 343 4429 passiva
365 4347 474 4430 inqua
498 4353 569 4409 sunt
593 4345 755 4424 diversum,
772 4346 825 4410 sed
840 4345 917 4410 ratio
937 4345 1057 4411 essendi
1072 4347 1178 4430 ipsius.
1225 4347 1326 4424 Quare

1100 4479 1119 4520 n
1134 4461 1154 4520 2
