3186 4982
264 299 329 368 2⁷2
591 321 749 367 annuunt
765 321 805 366 ur
821 320 1040 366 annaneane.
1225 299 1314 382 [von.
1332 317 1374 360 11.

264 489 336 556 actu,
354 485 402 542 sed
421 491 527 542 tantum
548 485 725 544 releribilitas.
763 489 801 542 Et
820 489 882 543 ideo
903 493 1033 562 pereunte
1054 487 1143 556 fratre,
1165 485 1236 559 perit
1257 484 1375 539 actualis

264 571 424 642 fraternitas,
438 579 565 647 pereunte
578 593 631 630 uno
650 593 684 630 ex
696 575 802 631 duobus
813 576 864 644 uti,
877 575 947 648 perit
963 574 1077 630 actualis
1093 573 1230 642 distantia,
1243 577 1376 645 pereunte

265 658 368 728 dextra,
380 660 450 734 perit
462 661 576 716 actualis
588 661 698 716 sinistra
709 669 759 717 stc.

301 745 366 816 Pap.
378 747 439 801 354
452 747 496 801 h'ee.
512 747 553 802 11.
572 753 676 818 octavo,
689 749 789 820 aaa
800 748 924 822 septimo,

301 831 366 901 Pay.
379 833 439 888 363.
454 834 498 888 lin.
512 835 537 889 3.
555 834 630 905 istas,
643 835 709 888 adde
726 841 755 890 et
772 835 838 890 alias
856 834 966 903 similes,
979 851 1041 906 quae
1054 852 1089 888 ex
1104 833 1238 907 positione
1256 831 1375 885 aliarum

265 917 419 973 stellarum
431 920 624 976 molecularum
637 920 798 994 dependent,

302 1005 367 1076 Paq.
380 1007 440 1062 364.
454 1008 498 1063 lin.
512 1008 537 1063 8.
555 1008 709 1082 parabolam
731 1015 759 1064 et
779 1007 956 1081 hyperbolem
975 1007 1075 1077 corripe
1096 1005 1228 1062 circulum
1249 1011 1278 1058 et
1294 1021 1377 1076 para·

266 1090 357 1146 bolam

302 1179 367 1251 Pap.
380 1183 440 1236 365.
466 1183 511 1236 lta.
524 1183 567 1237 30.
586 1183 718 1256 specificae
736 1185 802 1238 adde
821 1183 931 1254 (natura
947 1183 1021 1238 enim
1044 1181 1169 1255 specifica
1186 1187 1228 1235 est
1245 1178 1377 1233 determi÷

266 1265 363 1322 nabilis
375 1269 599 1324 determinatione
612 1271 804 1344 metaphysica,
813 1288 868 1326 non
880 1270 1000 1344 physica,
1014 1287 1099 1342 quum
1110 1267 1211 1342 species
1223 1273 1255 1322 ut
1267 1267 1305 1322 sic
1318 1285 1376 1320 non

267 1353 368 1409 existat
379 1355 513 1428 physice),

302 1440 367 1511 Pay.
380 1441 441 1496 370.
455 1443 500 1496 lia.
516 1441 557 1496 16.
575 1442 742 1514 discendum,
755 1443 854 1514 wertqe
864 1443 1037 1502 studendum,

301 1527 368 1598 Psy.
381 1529 442 1583 373.
456 1529 500 1584 ate.
515 1528 555 1583 18.
574 1531 691 1602 corporis
703 1531 804 1602 corripe
823 1529 966 1602 compositi
977 1529 1124 1584 materialis

302 1613 371 1670 Iht'd»
384 1614 428 1668 h'a.
442 1616 484 1670 25.
503 1616 684 1686 accidentalis,
694 1618 759 1671 adde
768 1616 812 1672 vel
819 1616 959 1689 qualitatis
969 1616 1059 1687 (ouius
1066 1615 1209 1670 intersitas
1218 1613 1374 1686 adgredum

267 1700 381 1755 actionis
393 1707 421 1754 et
432 1701 564 1774 passionis
576 1703 736 1776 reducitur),

304 1787 369 1857 Psy.
383 1787 443 1841 377.
457 1788 501 1842 lin.
516 1789 592 1844 1-10.
612 1789 746 1844 diversam
761 1790 894 1844 rationem
912 1829 1025 1844 .....
1045 1788 1167 1843 diverses.
1181 1789 1235 1841 dele
1246 1793 1336 1854 totana,
1351 1794 1376 1840 et

263 1891 332 1945 ponc
344 1875 413 1946 quod
428 1875 559 1945 sequitur:
579 1875 631 1930 erit
649 1876 703 1931 alia
718 1883 747 1930 et
758 1876 820 1945 alia,
833 1876 857 1930 si
869 1877 913 1932 vel
931 1875 1038 1930 diversa
1051 1875 1092 1928 sit
1105 1875 1203 1943 unitas,
1217 1891 1278 1946 qua
1297 1892 1375 1928 assu·

268 1960 352 2015 mitur
361 1961 395 2015 ad
407 1961 625 2031 mensurandum,
634 1962 680 2017 vel
691 1962 798 2018 diverso
806 1963 887 2016 modo
897 1961 1033 2016 schabest
1044 1962 1079 2016 ad
1091 1978 1148 2014 rem
1157 1961 1375 2015 mensurandam.

268 2046 299 2102 Si
316 2048 377 2104 duae
390 2048 556 2120 quantitates
572 2049 673 2103 habent
690 2049 824 2104 diversam
836 2049 971 2104 unitatem
988 2065 1121 2102 mensurae
1139 2053 1256 2117 tantum,
1268 2049 1377 2102 numeri

267 2142 347 2191 enmt
363 2135 476 2191 diversae
495 2135 606 2190 rationis
620 2135 649 2190 in
667 2141 799 2207 quantum
816 2135 947 2190 exhibent
959 2153 999 2189 rea
1010 2135 1091 2208 specte
1103 2135 1233 2202 diversam
1253 2136 1300 2188 sed
1317 2153 1375 2188 nou

267 2223 392 2278 dicentur
403 2222 509 2277 differre
527 2223 555 2276 in
570 2223 651 2293 specie
662 2223 772 2290 numeri,
784 2221 839 2277 nisi
856 2223 947 2277 unitas
965 2221 1071 2276 diverso
1088 2222 1169 2275 modo
1182 2239 1210 2275 se
1228 2221 1327 2276 habeat
1339 2223 1376 2277 ad

268 2309 449 2382 quantitatem
472 2309 685 2364 mensurandam.
734 2309 857 2378 Numeri,
882 2314 914 2363 ut
943 2313 1165 2380 repraesentantes
1192 2324 1235 2362 res
1259 2308 1375 2363 diversae

267 2396 374 2469 speciei,
387 2415 412 2452 v.
426 2415 464 2468 gr.
478 2393 601 2450 homines
619 2402 648 2450 et
660 2395 773 2465 arbores,
786 2395 916 2450 dicuutur
927 2394 1034 2449 differre
1052 2394 1202 2448 secundum
1215 2396 1375 2451 materiam:

266 2489 299 2536 ut
311 2489 403 2538 autem
414 2484 574 2539 resultantes
587 2501 622 2538 ex
633 2483 739 2538 diverso
752 2483 833 2537 modo
845 2500 874 2536 se
885 2481 1003 2536 habendi
1020 2480 1133 2535 unitatis
1145 2481 1180 2535 ad
1192 2481 1376 2552 quantitatem

268 2569 302 2625 ab
314 2588 347 2624 ea
363 2576 554 2640 mensuratam,
567 2570 695 2625 dicuntur
712 2569 818 2624 differre
835 2569 985 2623 secundum
996 2568 1119 2622 formam.
1156 2567 1194 2622 Et
1206 2568 1272 2639 quia
1288 2587 1375 2640 genus

267 2656 384 2711 sumitur
401 2674 435 2710 ex
452 2657 573 2726 materia,
586 2655 738 2711 differentia
749 2673 813 2711 vero
832 2655 957 2728 specifica
973 2673 1008 2709 ex
1020 2654 1115 2724 forma,
1128 2654 1190 2709 ideo
1207 2654 1312 2708 numeri
1330 2673 1375 2707 se-

267 2744 388 2800 cundum
398 2743 571 2798 identitatem
580 2744 624 2798 vel
633 2742 819 2798 diversitatem
828 2740 982 2815 specificam
992 2758 1159 2812 rerumquae
1171 2746 1373 2813 repraesentant,

268 2831 395 2885 dicuntur
410 2831 560 2900 tomcqenee'
573 2831 617 2886 vel
635 2830 806 2900 teteroyeaei:
825 2834 854 2882 et
871 2828 1020 2883 secundum
1035 2828 1207 2882 identitatem
1219 2828 1263 2882 vel
1283 2829 1375 2883 diver·

268 2918 379 2972 sitatem
395 2916 563 2973 habitudinis
575 2935 657 2989 quam
673 2917 763 2972 unitas
779 2915 862 2970 habet
879 2917 914 2971 ad
925 2915 1107 2987 quantitatem
1124 2923 1315 2985 mensuratam,
1329 2916 1373 2970 di-

269 3007 367 3057 cuntur
378 3020 434 3057 esse
447 3001 477 3056 in
488 3004 590 3072 eadem,
603 3003 647 3057 vel
658 3003 688 3058 in
706 3002 812 3058 diversa
823 3003 904 3073 apeme
915 3003 1024 3057 namet.
1061 3002 1123 3056 Duo
1136 3020 1199 3075 ergo
1211 3003 1333 3058 homines
1345 3009 1375 3057 et

269 3088 323 3144 duo
337 3089 429 3143 leones
447 3106 500 3142 non
519 3087 647 3142 differunt
662 3088 692 3142 in
706 3089 794 3161 specie
812 3088 926 3157 numeri,
944 3088 992 3144 sed
1013 3087 1043 3142 in
1059 3087 1147 3161 specie
1165 3089 1244 3159 entis,
1263 3098 1291 3144 et
1308 3096 1374 3144 sunt

269 3174 375 3229 numeri
393 3174 580 3246 heterogenei:
600 3175 653 3228 duo
665 3175 789 3231 homines
801 3180 829 3230 et
846 3175 941 3230 decem
952 3174 1076 3229 homines
1093 3175 1223 3230 differunt
1238 3177 1267 3230 in
1285 3177 1374 3250 specie

269 3258 374 3315 numeri
386 3264 511 3314 tantum:
530 3261 584 3314 duo
599 3259 724 3314 homines
736 3265 764 3314 et
779 3265 834 3315 tres
850 3259 956 3316 arbores
969 3259 1099 3315 diffenmt
1109 3260 1139 3314 in
1157 3261 1246 3333 specie
1264 3263 1334 3316 entis
1347 3268 1376 3316 et

269 3347 299 3402 in
313 3347 401 3419 specie
413 3346 526 3401 numeri.
563 3347 600 3402 Et
614 3347 674 3404 haec
688 3347 721 3403 de
737 3365 850 3404 numero
865 3353 999 3417 concreto,
1011 3348 1084 3419 quod
1100 3347 1228 3402 definitur
1244 3349 1376 3420 quantitas

270 3440 419 3490 mensurate
425 3453 477 3506 per
487 3452 575 3490 unum.

273 3576 276 3584 ,
305 3524 441 3578 Numerus
461 3539 525 3578 vero
547 3521 697 3576 abstractus
720 3521 791 3576 nihil
814 3521 889 3576 aliud
913 3526 955 3576 est
977 3539 1059 3594 quam
1080 3521 1230 3577 formalitas
1251 3523 1375 3596 specifica

270 3610 377 3666 numeri
388 3615 420 3666 ut
431 3615 495 3683 apta
506 3608 623 3664 inveniri
634 3608 664 3662 in
680 3608 816 3663 dhtinctis
828 3609 922 3678 rebus3
942 3609 1072 3663 definitur
1083 3610 1156 3663 enim
1173 3611 1241 3664 ratio
1252 3611 1293 3664 rei
1302 3629 1374 3663 men-

271 3705 368 3758 surate
386 3699 422 3752 ad
431 3715 507 3752 auam
524 3714 673 3750 maerorum
686 3694 854 3768 generaliter.
890 3695 965 3750 Hinc
977 3695 1000 3750 si
1018 3696 1157 3767 quantitas
1174 3702 1327 3751 mensurata
1340 3695 1376 3750 sit

272 3787 310 3839 H
318 3787 357 3856 (v.
370 3803 409 3856 gr.
422 3783 515 3839 decern
527 3782 673 3854 homines),
686 3782 744 3836 eius
756 3800 881 3837 mensura
893 3782 929 3838 sit
941 3783 958 3835 Ιι
972 3783 1055 3854 (unus
1067 3782 1163 3852 homo)
1177 3788 1205 3837 et
1219 3783 1287 3837 ratio
1299 3800 1375 3836 men-

271 3872 357 3930 surati
369 3872 403 3927 ad
415 3889 569 3927 mensuram
580 3870 686 3925 dicatur
697 3889 723 3940 a,
736 3869 788 3925 erit
800 3871 917 3942 aquatic

773 3955 803 4010 H

700 4088 704 4096 .
779 4025 873 4096 rh

273 4129 303 4182 in
320 4145 375 4200 qua
387 4128 425 4180 H
431 4127 482 4182 erit
498 4143 626 4181 numerus
640 4131 789 4195 concretus,
802 4132 830 4181 et
845 4126 951 4182 dicetur
967 4133 1134 4195 cremantem
1154 4126 1172 4179 h
1187 4125 1240 4180 erit
1254 4144 1378 4181 mensura

273 4219 406 4282 concreta,
419 4219 448 4268 et
460 4214 565 4268 dicetur
583 4212 777 4281 denominatam
796 4217 824 4267 et
836 4232 854 4267 a
865 4212 918 4267 erit
932 4229 1059 4268 numerus
1077 4212 1235 4280 abstractus,
1248 4213 1291 4268 vel
1309 4213 1378 4266 ratio

273 4300 395 4355 formalis
407 4300 520 4369 numeri,
534 4299 687 4372 exprimens
698 4299 804 4370 quoties
818 4301 853 4354 H
861 4299 999 4354 contiueat
1010 4316 1163 4354 mensuram
1175 4299 1200 4354 Ιι.
1231 4298 1380 4354 Evidenter
