3240 4986
254 371 324 415 car.
343 353 413 436 111.]
710 375 752 415 nn
770 373 901 417 nunno.
1295 354 1357 417 119

253 533 366 599 scilieet
395 535 593 601 discurrendo
629 559 682 601 seu
712 538 930 618 ratiocinando,
957 547 989 602 et
1017 539 1056 603 ad
1084 537 1145 602 Dei
1175 546 1355 623 conceptum

253 657 436 732 assurgunt:
469 649 610 712 similiter
633 650 775 730 vidimus,
801 673 850 714 res
880 660 993 715 creatas
1022 651 1134 716 habere
1163 652 1278 735 quando
1303 673 1358 735 per

252 759 335 843 quod
361 760 527 826 terminant
554 760 770 826 virtualitatcm
796 762 984 844 aeternitatis,
1010 771 1041 827 et
1057 763 1282 845 flucibs‘litatem
1303 784 1357 847 per

252 891 345 955 qnam
368 872 534 938 successive
560 895 627 937 eam
649 875 875 959 quodammodo
898 875 1033 958 signant,
1049 884 1079 939 et
1097 874 1281 939 sensibiliter
1303 882 1356 938 aut

252 981 500 1048 intellectualiter
511 985 718 1064 manifestant,
729 993 820 1070 prout
836 986 1006 1050 materiales
1020 995 1095 1050 sunt
1106 993 1159 1051 aut
1174 985 1354 1071 spirituales.

253 1093 333 1159 Item
349 1117 542 1181 unaquaeque
557 1097 728 1160 substantia
746 1105 782 1161 ut
798 1097 840 1161 sic
855 1097 947 1161 habet
962 1098 995 1161 in
1011 1120 1043 1161 se
1057 1118 1120 1182 quo
1141 1104 1309 1182 perseveret
1324 1096 1357 1158 in

252 1225 327 1284 esse,
344 1205 549 1292 dependenter
564 1209 688 1294 quidem
703 1233 721 1273 a
735 1209 812 1289 Deo,
825 1209 878 1273 sed
892 1209 1132 1293 independenter
1147 1208 1185 1274 ab
1201 1208 1268 1272 aliis
1283 1208 1355 1272 sub·

254 1318 392 1398 stantiis3
415 1341 469 1404 per
491 1321 574 1404 quod
600 1321 736 1385 ostendit
758 1321 834 1406 quid
851 1321 892 1385 sit
912 1322 1039 1392 existere
1058 1321 1090 1384 in
1115 1343 1157 1400 se,
1173 1327 1204 1384 et
1226 1341 1281 1404 per
1306 1341 1357 1382 se:

253 1449 446 1515 unaqnaequc
469 1430 641 1496 substantia
661 1441 700 1496 ut
726 1432 769 1496 sic
796 1431 923 1516 simplex
945 1441 991 1495 est
1010 1431 1136 1517 physice
1158 1439 1189 1494 et
1211 1453 1283 1509 una,
1304 1451 1358 1513 per

254 1540 337 1624 quod
353 1541 579 1626 simplicitatem
590 1543 650 1606 Dei
666 1564 722 1607 suo
738 1543 828 1606 modo
843 1543 990 1621 imitatur,
1002 1550 1059 1606 etc.
1097 1543 1144 1605 Ex
1158 1541 1207 1605 his
1222 1550 1357 1625 apparet,

253 1655 347 1735 speum
368 1675 429 1717 cese
444 1657 645 1720 caeterarum
666 1679 732 1719 esse
747 1655 945 1720 extrinsecam
969 1654 1170 1719 imitationem
1186 1647 1358 1718 divinarum

255 1764 497 1847 perfectionum:
521 1775 551 1829 et
576 1765 618 1830 sic
643 1776 727 1850 patet
750 1767 843 1831 finem
868 1767 978 1850 operis,
992 1781 1056 1831 'seu
1082 1766 1200 1845 mundi,
1223 1765 1359 1848 adeoque

256 1875 347 1938 etiam
373 1876 468 1940 finem
494 1877 657 1961 operantis,
677 1900 742 1941 esse
764 1877 1041 1942 manifestationem
1068 1878 1238 1942 divinarum
1261 1877 1359 1960 perfe-

258 1987 395 2050 ctionum
410 1987 449 2051 ad
464 1996 557 2052 extra.

302 2097 335 2160 Si
350 2119 419 2161 vero
434 2098 663 2163 considerentur
678 2099 811 2163 actiones
826 2108 1043 2178 creaturarum,
1057 2097 1228 2163 videbimus
1244 2099 1357 2176 statim,

257 2207 382 2272 effeetus
402 2231 420 2273 a
440 2209 570 2293 singulis
591 2211 690 2274 causis
708 2211 816 2274 creatis
831 2210 995 2294 productos
1010 2232 1075 2274 esse
1088 2209 1274 2272 imitationes
1290 2230 1360 2272 cau·

258 2342 360 2383 sarum
389 2341 440 2384 eas
469 2320 714 2404 producentium,
741 2321 846 2385 eodem
878 2321 969 2385 modo
995 2343 1056 2406 quo
1082 2321 1155 2404 ipsae
1181 2319 1360 2383 substantiae

258 2439 364 2494 creatae
380 2443 452 2495 sunt
468 2424 652 2495 imitationes
667 2432 855 2495 Divinitatis.
902 2432 952 2496 Sic
968 2433 1049 2495 enim
1065 2431 1190 2494 effectus
1208 2453 1226 2493 a
1243 2437 1361 2494 motore

259 2542 426 2626 productus
441 2551 560 2606 constat
575 2542 731 2606 velocitate
749 2551 890 2606 actuante
907 2543 1076 2626 potentiam
1095 2540 1226 2620 mobilis,
1241 2550 1273 2605 et
1290 2560 1361 2605 cum

259 2676 294 2716 ea
323 2654 516 2738 conspirante
545 2655 578 2718 in
610 2676 706 2718 unum
733 2663 862 2733 motum,
889 2665 925 2719 ut
948 2655 1080 2719 vidimus
1106 2655 1138 2717 in
1165 2661 1297 2718 tractatu
1323 2653 1361 2717 dc

258 2765 464 2829 accidentibus
497 2767 540 2849 (n.
568 2768 622 2848 38)
655 2775 685 2831 et
715 2767 797 2830 alibi.
842 2767 883 2830 llt
914 2768 1012 2831 simile
1041 2767 1159 2831 dicatur
1188 2766 1225 2830 de
1245 2767 1361 2830 caeteris

259 2876 431 2940 actionibus
446 2885 663 2956 creaturarum,
679 2901 776 2962 quum
791 2879 921 2963 singula
936 2877 1065 2942 debeant
1084 2901 1173 2962 agere
1191 2877 1360 2942 seeundum

259 3010 346 3052 suani
362 2997 514 3067 naturam,
529 2998 559 3052 et
574 2989 699 3053 effectus
716 2989 774 3052 sibi
790 2989 903 3053 similes
917 2989 1094 3073 producere,
1109 2988 1180 3052 licet
1199 2988 1236 3051 in
1254 2987 1361 3051 ordine

258 3100 378 3162 infinite
392 3099 544 3178 inferiore,
561 3099 674 3164 scilicet
690 3100 878 3179 accidentali,
894 3108 929 3164 ut
945 3122 1037 3184 supra
1051 3108 1208 3164 ostensum
1223 3108 1279 3164 eet.

303 3210 375 3295 Ipsa
389 3233 460 3274 vero
475 3211 649 3290 accidentia,
666 3210 735 3274 licet
751 3232 812 3274 non
824 3211 949 3297 physice
961 3220 1096 3291 causent,
1105 3219 1209 3275 tamen
1221 3233 1257 3274 eo
1268 3210 1359 3274 modo

259 3344 321 3407 quo
342 3331 482 3407 possunt,
506 3322 580 3386 dant
602 3323 704 3386 locum
727 3323 977 3387 resultationibus
1003 3321 1186 3387 habentibus
1208 3345 1278 3386 cum
1300 3322 1362 3386 illis

259 3432 392 3517 aliquam
408 3431 661 3510 similitudinem
685 3432 847 3496 relationes
861 3433 943 3496 eninr
965 3433 1044 3517 (quae
1065 3441 1138 3496 sunt
1155 3439 1256 3517 totum
1278 3432 1361 3517 quod

255 3567 296 3608 ex
321 3543 529 3608 accidentibus
554 3544 700 3607 resultare
725 3546 839 3629 potest)
860 3552 1002 3608 constant
1027 3544 1228 3611 fundamento
1248 3552 1280 3607 et
1299 3551 1360 3607 ter·

260 3655 352 3718 minis
366 3656 399 3718 in
415 3677 512 3720 unum
527 3677 593 3718 esse
606 3654 765 3719 relativum
782 3654 1036 3738 conspirantibus,
1053 3656 1132 3722 sicut
1146 3634 1362 3740 explicavimus

262 3767 344 3831 alibi.
388 3767 430 3831 V.
446 3766 484 3830 de
499 3766 706 3831 accidentibus
721 3788 753 3829 n.
769 3769 822 3845 47,
837 3766 887 3830 De
901 3766 969 3830 Deo
983 3790 1014 3830 n.
1032 3770 1083 3833 78.

305 3878 441 3942 Tandem
464 3879 537 3962 ipsae
559 3878 719 3942 relationes
737 3878 841 3958 reales,
858 3878 916 3942 etsi
933 3878 1012 3944 nihil
1032 3878 1116 3944 alind
1131 3877 1210 3942 reale
1224 3886 1278 3942 aut
1292 3900 1362 3962 pro·

262 3989 405 4054 ductione
423 3997 477 4053 aut
500 3990 699 4054 resultatione
719 3990 860 4075 gignant,
876 3999 979 4055 tamen
997 4000 1033 4056 ut
1052 3990 1209 4054 intellectu
1230 3989 1363 4074 concipi-

262 4108 358 4165 untur
376 4109 407 4163 et
428 4100 614 4165 adinvicem
636 4110 862 4186 comparantur,
884 4110 1013 4186 possunt
1033 4102 1104 4167 dare
1123 4101 1224 4166 locum
1244 4101 1364 4166 relatio-

263 4211 354 4275 nibus
368 4211 505 4291 rationis,
522 4235 589 4296 quae
605 4213 714 4277 iterum
731 4214 892 4279 imitantur
910 4214 1071 4279 relationes
1093 4212 1230 4293 reeles,a
1252 4213 1365 4299 quibus

263 4321 411 4407 accipitur
426 4323 504 4386 ratio
519 4346 569 4386 eas
584 4324 748 4406 cogitandi.
