3222 4984
267 357 330 421 1¹52
574 375 617 420 na
632 376 775 420 acriores
793 376 851 418 aar
868 375 905 418 m
923 373 1053 417 nunno.
1227 353 1312 439 [car.
1329 373 1368 417 11.

264 565 336 608 cum
350 566 387 607 ex
401 542 501 629 seipso
515 563 578 607 non
593 565 659 608 esse
678 551 838 608 acturum:
870 545 905 605 5⁰
925 549 1094 605 creaturam
1112 540 1229 625 aliquid
1245 540 1366 620 habere,

265 655 348 740 quod
363 677 425 718 non
440 655 588 739 acceperit
603 678 621 719 a
635 654 712 734 Deo,
728 675 838 739 nempe
854 676 944 717 usum
959 674 1136 717 concursus.

309 766 581 851 Respondendum,
596 767 661 831 haec
676 767 779 831 omnia
792 765 1035 830 inconvenientia
1049 787 1115 830 esse
1136 765 1253 844 fictitia,
1275 774 1310 830 ut
1332 787 1368 829 ex

265 878 424 964 hucusque
447 879 604 965 explicatis
626 878 735 964 liquet.
791 878 877 942 Deus
902 886 949 942 est
974 900 1065 942 causa
1087 877 1195 962 prima,
1218 878 1290 963 quia
1315 878 1368 942 dat

267 989 413 1054 creaturis
427 1013 502 1071 esse,
518 999 549 1056 et
563 1013 630 1054 esse
643 998 764 1074 paratas
779 988 818 1053 ad
833 988 998 1073 agendum,
1013 996 1044 1052 et
1058 989 1159 1074 ipsum
1178 1011 1276 1074 agere,
1292 987 1367 1075 quin

266 1100 377 1166 adhoc
392 1100 529 1186 indigeat
543 1124 735 1187 praemovere.
780 1100 921 1164 Influxus
936 1107 1038 1164 autem
1054 1099 1115 1164 Dei
1130 1122 1193 1164 uon
1208 1100 1367 1165 subiicitur

192 1252 196 1258 ·
266 1223 411 1278 creaturae
436 1214 538 1299 quoad
557 1213 702 1299 seipsum,
718 1211 771 1276 sed
791 1211 893 1297 quoad
909 1210 1069 1276 formalem
1090 1210 1367 1276 denominationem

266 1326 467 1390 resultantem
485 1348 521 1390 cx
536 1325 590 1389 tali
605 1325 651 1388 vel
663 1323 717 1388 tali
738 1323 868 1388 termino
886 1323 1023 1388 actionis.
1067 1324 1154 1387 Deus
1165 1345 1235 1388 vero
1252 1330 1298 1386 est
1314 1321 1368 1386 do·

265 1435 368 1499 minus
383 1445 529 1500 creaturae
542 1435 648 1500 liberae
662 1457 698 1499 co
712 1435 779 1519 ipso
801 1433 885 1519 quod
901 1434 997 1498 virtus
1017 1435 1114 1498 activa
1131 1442 1278 1498 creaturae
1297 1455 1368 1498 cum

266 1547 370 1612 divino
400 1570 549 1612 concursu
579 1548 668 1632 ponit
691 1556 794 1611 actum
824 1546 960 1631 primum
986 1555 1200 1632 spontaneum,
1230 1556 1261 1611 et
1297 1567 1366 1610 cum

266 1658 369 1724 divino
394 1681 545 1723 concursu
569 1666 673 1722 manet
697 1668 768 1742 post
793 1658 1012 1723 advertentiam
1028 1659 1061 1722 in
1077 1665 1132 1722 s'uo
1147 1666 1228 1736 actu,
1251 1657 1366 1743 inquo

264 1780 367 1857 posset
381 1795 444 1836 non
460 1794 593 1851 manere,
608 1772 681 1857 quia
695 1771 782 1836 Deus
797 1779 843 1835 est
857 1781 982 1857 paratus
1001 1793 1179 1836 concurrere
1197 1770 1236 1834 ad
1247 1770 1367 1855 opposi-

266 1893 344 1948 tum.
389 1883 457 1948 Nec
465 1884 556 1948 refert
571 1883 655 1969 quod
664 1884 733 1948 Deo
746 1883 826 1948 foret
840 1883 1028 1969 impossibile
1040 1882 1176 1947 obtinere
1191 1882 1229 1947 ab
1245 1881 1369 1946 homine

265 1994 414 2059 actionem
430 1997 462 2058 iu
476 1997 514 2058 iis
528 1996 682 2074 adiunctas,
693 1995 726 2059 in
737 1994 850 2080 quibus
860 1994 1045 2081 praevidetur
1061 1994 1098 2058 de
1114 2017 1146 2058 se
1162 2016 1224 2058 uon
1234 2001 1366 2058 aeturus.

267 2106 336 2171 Hoc
350 2106 433 2170 enim
447 2129 510 2171 non
526 2106 652 2190 derogat
667 2106 777 2171 divinae
791 2106 1024 2191 omnipotentiae
1032 2132 1041 2184 3
1065 2106 1145 2169 sicut
1159 2127 1223 2170 non
1243 2105 1368 2189 derogat

264 2218 322 2282 hoc
349 2217 432 2303 quod
454 2226 586 2303 nequeat
609 2217 747 2282 obtinere
769 2219 863 2281 finem
889 2218 955 2282 sinc
979 2216 1097 2280 mediis.
1144 2217 1177 2281 Si
1191 2216 1277 2280 Deus
1296 2217 1369 2283 velit

266 2329 423 2393 hominem
448 2351 548 2413 agere,
572 2339 666 2414 ponet
691 2353 726 2393 ea
749 2329 903 2407 adiuncta,
929 2329 962 2393 in
988 2328 1100 2412 quibus
1125 2326 1272 2412 praevidet
1298 2350 1368 2391 cunr

266 2449 424 2508 acturum:
448 2448 478 2506 et
492 2441 551 2505 hoc
565 2462 689 2525 prorsus
705 2439 825 2504 sufficit.
872 2438 1029 2504 Caeterum
1043 2439 1078 2502 in
1100 2439 1201 2524 nullis
1216 2438 1368 2503 adiunctis

267 2551 360 2616 homo
370 2551 553 2637 praevidetur
568 2553 605 2616 de
618 2575 649 2616 sc
671 2560 804 2617 acturus.
849 2551 986 2615 Tandem
1009 2552 1123 2616 falsum
1137 2559 1184 2615 est
1198 2559 1368 2616 creaturam

265 2662 438 2727 habituram
454 2661 570 2748 aliquid
584 2663 668 2746 quod
685 2685 748 2726 uon
763 2662 911 2746 acceperit
932 2684 950 2725 a
965 2662 1042 2741 Deo,
1065 2684 1175 2747 nempe
1191 2684 1282 2728 usum
1297 2684 1369 2727 con-

267 2796 395 2839 cursus:
427 2796 498 2838 nam
522 2782 660 2838 creatura
677 2796 740 2838 non
762 2776 857 2862 utitur
872 2783 1022 2852 concursu,
1038 2773 1125 2858 quasi
1145 2795 1310 2838 concursus
1330 2773 1369 2837 sit

266 2886 506 2950 instrumentum
520 2907 581 2969 quo
597 2885 723 2970 attingit
737 2886 904 2949 terminum
913 2894 1007 2964 actus,
1021 2885 1146 2969 sedopit
1156 2887 1208 2949 sah
1217 2907 1368 2964 concursu,

265 3005 417 3082 quatenus
431 2997 527 3061 virtus
547 3005 691 3061 creaturae
705 3005 736 3061 ct
750 2997 847 3061 virtus
862 2996 964 3060 divina
986 3017 1148 3081 perimam
1164 2995 1369 3060 causationem

267 3109 425 3192 attingunt
441 3106 584 3172 eumdem
599 3107 775 3172 terminum.
820 3107 872 3170 Ad
893 3106 969 3186 haec,
993 3115 1079 3170 actus
1099 3105 1267 3170 formaliter
1281 3105 1368 3186 liber,

268 3240 330 3304 quo
344 3219 428 3283 iuxta
443 3218 632 3283 Goudinium
652 3227 789 3284 creatura
811 3226 942 3282 uteretur
965 3229 1123 3295 concursu,
1138 3238 1201 3280 non
1224 3225 1269 3280 est
1292 3239 1370 3281 nova

267 3332 355 3411 actio,
372 3329 425 3396 sed
438 3331 533 3395 libera
548 3331 634 3415 quies
648 3330 775 3419 actualis
788 3331 823 3394 in
837 3338 908 3394 actu
922 3328 1118 3394 materialiter
1132 3329 1192 3419 iam
1208 3329 1318 3414 posito,'
1335 3337 1370 3392 ut

268 3464 349 3528 saepe
372 3441 597 3506 declaravimus.
654 3442 740 3506 Sicut
763 3463 836 3526 ergo
862 3449 949 3506 actus
974 3440 1026 3504 ille
1050 3439 1214 3504 materialis
1243 3440 1370 3524 ponitur

205 3629 207 3634 ¹
267 3576 337 3619 cum
353 3553 455 3618 divino
471 3574 629 3632 concursu,
645 3553 689 3646 ¹ita
713 3553 821 3638 nequit
846 3552 954 3618 durare
978 3560 1049 3636 post
1074 3551 1294 3616 advertentiam
1310 3550 1369 3614 nisi

268 3664 326 3729 sub
341 3664 447 3729 eodem
462 3685 631 3743 coneursu3
654 3684 728 3747 ergo
742 3671 829 3727 actus
844 3663 936 3726 etiam
951 3670 986 3725 ut
1009 3661 1087 3726 liber
1103 3669 1201 3725 totam
1220 3660 1370 3726 rationem

268 3777 317 3840 sui
330 3775 424 3840 habet
438 3775 471 3839 in
486 3774 588 3840 divino
603 3797 771 3840 concursu:
805 3784 837 3839 et
851 3773 929 3838 nihil
945 3773 1035 3838 datur
1049 3782 1196 3839 creaturae
1211 3773 1294 3860 quod
1307 3795 1370 3840 uon

214 3931 221 3937 -
269 3889 416 3974 acceperit
436 3869 546 3953 aDeo.
1169 3949 1171 3952 ,

312 4004 364 4066 32.
387 3999 607 4064 Decimotertio
622 3998 711 4092 affert
723 3997 797 4062 alias
811 3997 1006 4090 probationes
1021 4020 1057 4061 ex
1073 3996 1255 4062 auctoritate
1271 3995 1372 4061 Sacrae

272 4112 448 4196 Scriptura,
465 4111 498 4175 S.
513 4110 691 4195 Augustini,
709 4109 742 4174 S.
757 4109 895 4188 Thomas,
909 4117 940 4172 et
953 4107 1084 4173 Concilii
1099 4107 1283 4173 Tridentini.

225 4289 227 4294 ,
313 4221 402 4286 Circa
423 4221 479 4284 has
502 4221 695 4306 probationes
709 4228 815 4283 notare
831 4219 969 4299 sufficiat,
984 4218 1068 4305 quod
1090 4218 1270 4292 auctoritate
1291 4216 1372 4280 Seri·

269 4340 380 4417 pturae,
397 4311 571 4426 Petrum-et
585 4331 809 4416 Theologorum
825 4331 903 4395 nihil
918 4331 1002 4396 aliud
1017 4309 1174 4416 probatur,
1185 4329 1246 4396 nisi
1252 4329 1372 4414 foetam
