3222 4984
276 339 341 409 202
715 368 759 412 nr
776 367 940 414 rurrurro.
1252 349 1341 435 [can.
1358 369 1382 412 1.

275 529 502 594 coubadictorie
533 529 702 615 infinitum:
743 531 818 596 item
843 531 1014 618 superficiei
1035 532 1163 598 habenti
1183 533 1377 599 latitudinem

273 639 393 704 finitam
420 661 490 704 cum
512 639 706 725 longitudine
728 642 857 723 infinita,
873 652 904 708 et
928 644 1026 709 solido
1041 645 1168 711 habenti
1182 645 1376 710 altitudinem

273 750 425 816 infinitam
441 773 510 816 cum
525 752 650 838 reliquis
665 753 906 820 dimensionibus
920 755 1027 822 finitis.
1073 754 1189 821 Contra
1203 757 1292 836 linea,
1309 779 1377 842 quae

274 870 388 928 careret
403 861 491 927 initio
509 872 541 929 et
559 864 631 944 fine,
646 864 732 931 omni
748 864 846 930 limite
865 875 979 931 careret
998 866 1031 930 in
1052 889 1107 930 sua
1122 867 1229 952 speeie,
1245 875 1276 932 et
1297 877 1377 932 esset

273 976 421 1040 contrarie
440 973 577 1056 infinita:
600 984 631 1040 et
647 975 786 1040 similiter
801 976 976 1061 superficies
990 985 1020 1040 et
1032 976 1174 1057 solidum,
1191 977 1217 1042 si
1239 988 1375 1043 carerent

272 1085 360 1151 initio
374 1095 405 1151 et
419 1087 480 1153 fine
505 1109 629 1152 suarum
652 1086 888 1153 dimensionum.
933 1088 1065 1153 Duratio
1090 1089 1258 1154 successiva
1282 1089 1373 1154 babet

273 1197 350 1262 duos
360 1196 484 1278 limites,
496 1197 666 1292 initiumdet
682 1199 796 1277 fiuem3
819 1207 850 1263 et
865 1199 934 1264 ideo
949 1209 1144 1284 comparatur
1156 1201 1257 1267 lineae.

314 1311 415 1376 Dices.
447 1309 542 1375 Linea
566 1309 683 1374 babens
704 1309 828 1375 initium
854 1318 885 1375 et
907 1333 970 1374 non
992 1311 1085 1375 finem
1108 1333 1171 1375 non
1194 1311 1292 1396 magis
1314 1311 1374 1377 dici

270 1429 372 1506 potest
391 1421 521 1502 infinita,
544 1443 636 1506 quam
658 1421 766 1484 finita:
806 1420 898 1486 habet
922 1422 1005 1486 enim
1029 1444 1127 1486 unum
1158 1422 1307 1490 limitem:
1340 1433 1372 1488 et

272 1541 416 1618 praeterea
430 1541 511 1598 earet
524 1533 720 1618 longitudine
735 1541 765 1597 et
777 1532 951 1599 altitudine.
989 1533 1073 1618 Ergo
1081 1534 1238 1599 infinitum
1253 1544 1372 1599 contra·

271 1643 396 1709 dictorie
412 1666 474 1708 non
490 1652 536 1708 est
551 1643 718 1708 infinitum.

312 1753 495 1838 Respondeo
520 1777 550 1819 u.
575 1762 636 1819 cut.
659 1753 931 1838 adprobationem
954 1778 979 1818 c.
1003 1763 1065 1820 cut.
1088 1779 1118 1819 u.
1140 1779 1217 1820 corn.
1263 1756 1371 1842 Ipsum

268 1864 449 1930 vocabulum
473 1865 583 1950 infiniti
607 1865 680 1930 dicit
702 1864 866 1929 carentiam
890 1865 969 1945 finis,
986 1867 1138 1951 quidquid
1151 1867 1191 1930 sit
1211 1867 1249 1931 de
1264 1867 1371 1932 initio:

268 1985 299 2042 et
315 1987 395 2042 certe
409 1977 566 2042 infinitum
581 1984 627 2041 est
642 1976 725 2062 quod
739 1977 799 2040 fine
814 1984 916 2043 earet:
940 1977 984 2042 sic
999 1978 1119 2042 duratio
1134 1979 1247 2043 animae
1261 1979 1370 2044 huma·

268 2111 325 2170 nae,
341 2089 478 2175 quamvis
494 2090 533 2154 sit
548 2111 619 2153 cum
633 2089 731 2168 initio,
756 2088 883 2153 dicenda
905 2095 1007 2153 tamen
1022 2098 1069 2153 est
1083 2090 1214 2169 infinita,
1229 2112 1265 2154 eo
1287 2091 1371 2176 quod

267 2224 331 2266 uon
347 2202 386 2266 sit
400 2201 544 2266 habitura
557 2202 660 2265 finem.
706 2198 775 2263 Hoc
790 2208 892 2264 autem
908 2199 992 2264 brevi
1007 2200 1144 2285 exemplo
1159 2199 1369 2286 intelligetur:

269 2314 295 2378 si
315 2313 395 2378 euim
417 2287 527 2378 domui
546 2311 656 2376 habeat
677 2311 753 2374 duas
775 2310 893 2390 ianuas,
909 2333 1038 2396 quarum
1057 2334 1119 2376 una
1137 2311 1234 2376 solum
1256 2321 1369 2397 pateat,

268 2425 377 2489 domus
402 2424 519 2488 dicetur
541 2422 719 2508 simpliciter
740 2431 854 2507 aperta,
875 2422 995 2486 etiamsi
1014 2421 1073 2485 alia
1093 2422 1133 2487 sit
1155 2422 1273 2489 clausa:
1297 2425 1369 2488 sim·

267 2535 386 2621 pliciter
395 2534 476 2599 enim
486 2534 605 2598 tollitur
613 2533 753 2597 clausura
762 2532 872 2595 domus
883 2554 937 2616 por
946 2532 1039 2597 unius
1050 2533 1150 2597 ianuae
1159 2534 1367 2618 aperitionem

268 2657 298 2712 et
315 2646 453 2712 similiter
468 2646 587 2711 tollitur
595 2644 727 2710 finitudo
741 2666 795 2729 per
804 2643 896 2707 unius
907 2643 1013 2708 limitis
1024 2644 1231 2728 negationem.
1277 2645 1369 2724 Quod

266 2769 368 2826 autern
383 2759 464 2824 linea
486 2765 585 2823 careat
605 2757 767 2822 latitudine
781 2766 812 2818 et
827 2754 1047 2839 profunditate,
1061 2756 1141 2819 nihil
1154 2757 1247 2822 refert
1255 2783 1265 2837 3
1297 2759 1369 2844 quia

264 2874 395 2939 latitudo
419 2880 449 2936 et
463 2870 655 2956 profunditas
670 2891 733 2933 non
754 2868 910 2953 pertinent
932 2868 971 2932 ad
991 2868 1196 2953 quantitatem
1209 2869 1365 2951 linearem,

264 2994 295 3050 et
315 2984 558 3050 excluduntura
582 2981 680 3067 specie
699 2980 797 3045 lineae.
851 2979 935 3044 Hinc
957 2980 988 3043 S.
1004 2979 1136 3043 Thomas
1154 2981 1197 3065 (p.
1214 2983 1246 3046 3.
1262 3005 1292 3068 q.
1311 2987 1362 3050 10.

265 3121 292 3162 a.
305 3098 338 3181 3)
355 3096 397 3160 ait
411 3121 417 3160 :
441 3095 677 3179 uititprotibet
691 3092 806 3176 aliquid
817 3113 878 3156 ecee
892 3091 1040 3176 infinitum
1050 3113 1107 3156 uuo
1122 3094 1217 3172 modo,
1232 3096 1312 3178 quod
1319 3104 1364 3161 eat

263 3212 323 3275 olio
338 3209 420 3274 modo
439 3207 584 3292 finitum:
615 3207 692 3269 sicut
714 3206 741 3268 ai
764 3204 955 3288 imupiuemur
978 3205 1009 3266 iu
1027 3205 1242 3287 quantitatibus
1263 3228 1364 3290 super.

257 3323 367 3408 ficiem,
384 3326 499 3404 quasit
519 3318 674 3383 secuudum
694 3316 900 3401 turpitudinem
920 3314 1048 3399 infinito,
1062 3315 1216 3380 secuudum
1231 3318 1364 3382 latitudi·

263 3459 328 3500 uem
346 3442 443 3498 cutem
450 3431 553 3516 ficita.
600 3429 661 3494 Sed
671 3429 737 3493 haec
752 3425 860 3490 melius
875 3425 1085 3508 intelligentur
1099 3425 1190 3489 infra.

306 3550 337 3612 9.
361 3544 519 3622 Quaeritur
533 3541 633 3621 tertio,
647 3549 747 3605 utrum
761 3537 908 3624 infinitum
917 3539 1065 3602 contrarie
1081 3539 1121 3602 ait
1131 3560 1221 3601 uuum
1235 3561 1275 3602 cu
1288 3541 1362 3604 mul·

262 3659 364 3742 tipleu.

305 3765 496 3852 Respondeo,
515 3785 580 3827 esse
601 3784 698 3826 unum
722 3759 779 3824 sub
801 3757 921 3823 formali
943 3764 1104 3843 conceptu,
1127 3757 1180 3822 sed
1202 3757 1362 3845 multiplex

260 3879 378 3946 ratione
400 3898 512 3955 rerum,
537 3874 575 3938 de
595 3872 707 3958 quibus
726 3868 883 3957 praedicari
904 3890 993 3953 posse
1015 3868 1196 3952 concipitur.
1238 3870 1362 3938 Dicitur

260 3992 342 4056 enim
357 3987 502 4074 perfectio
516 3984 654 4068 undique
667 3981 798 4060 infinita,
814 3979 949 4044 extensio
963 3978 1101 4062 undique
1122 3979 1253 4079 infinita,
1269 3982 1360 4048 dura·

258 4105 303 4166 tio
326 4100 465 4184 undique
486 4094 608 4160 infinita
627 4102 707 4172 etc.;
741 4091 906 4177 inquibus
926 4089 1123 4175 conceptibus
1143 4092 1299 4157 materiale
1313 4105 1360 4160 est

259 4197 422 4290 diversum,
444 4209 497 4274 sed
515 4207 642 4272 formale
659 4228 779 4291 semper
798 4213 844 4268 est
867 4205 998 4269 carentia
1023 4205 1116 4266 omnib
1140 4204 1252 4269 limita.
1299 4208 1361 4274 Sed

259 4322 515 4389 considerandum
528 4328 575 4385 est
586 4319 669 4404 quod
678 4319 813 4383 extensio
822 4338 927 4382 careus
939 4314 1023 4380 omni
1037 4313 1136 4379 limite
1146 4314 1361 4401 longitudinis,
