3186 4982
208 363 283 407 vec.
301 345 354 428 11.]
535 363 692 408 rennues
708 364 748 406 nr
764 362 986 406 annaneane.
1249 344 1314 405 259

206 528 262 584 eise
282 529 354 584 inter
373 547 413 599 ca,
430 548 545 601 quornm
565 530 694 586 identitas
714 536 835 602 negatur.
872 529 942 584 Hac
962 527 1103 584 distinctio
1123 528 1238 582 modalis
1258 528 1312 582 dici

206 621 296 689 petest
306 617 436 690 formabis
453 618 544 688 raalai3
563 617 697 689 siquidem
714 617 744 672 id
757 615 834 672 cuius
848 616 952 671 ratione
969 619 1083 688 negatur
1100 614 1230 670 identitas
1243 631 1311 669 cerae

207 720 269 757 cum
282 704 370 776 seipsa
381 709 423 758 est
434 704 521 758 forma
532 705 592 759 haec
605 710 633 758 et
644 705 731 758 forma
742 704 790 759 illa
800 704 908 758 realiter
919 703 949 758 in
960 721 1021 758 cera
1033 703 1159 758 existens.

239 789 271 860 b)
291 789 424 860 Secunde,
438 791 462 846 si
473 797 587 864 negetur
603 791 733 846 identitas
743 791 823 846 realis
839 791 1025 863 metaphysica
1035 790 1148 845 fundata
1159 789 1189 844 in
1206 789 1313 844 unitate

203 877 273 932 entis
295 877 483 950 metaphysiei,
495 877 639 934 habebitur
656 878 795 934 distinctio
814 878 998 951 metaphysica
1019 877 1104 932 realis.
1141 877 1203 931 Dici
1220 882 1312 932 autem

205 963 287 1018 debet
298 965 391 1036 maier,
401 965 424 1019 si
436 971 524 1020 tetum
537 965 754 1038 metaphysicum
766 965 799 1019 de
809 970 866 1020 tete
879 965 1064 1038 metaphysice
1075 969 1203 1036 negetur:
1216 965 1310 1033 minor,

205 1050 229 1104 si
240 1055 354 1122 negetur
365 1054 455 1105 totum
467 1053 500 1106 de
512 1057 596 1124 parte,
604 1051 649 1106 vel
660 1068 722 1124 pars
734 1050 768 1106 de
780 1055 845 1105 tete.
876 1050 1023 1106 Distinetie
1035 1050 1114 1105 realis
1126 1051 1312 1123 metaphysica

206 1136 293 1192 maior
304 1145 344 1193 est
361 1139 468 1209 quando
479 1143 651 1210 comparatur
662 1142 739 1193 actus
754 1138 789 1192 ad
801 1137 956 1209 terminum,
969 1138 1014 1192 vel
1031 1137 1153 1210 potentia
1164 1138 1199 1192 ad
1211 1142 1311 1207 actum,

205 1224 251 1278 vel
267 1223 355 1278 ferma
366 1225 401 1280 ad
415 1224 573 1278 materiam:
592 1223 682 1278 minor
698 1228 739 1278 est
756 1225 865 1295 quande
882 1229 1052 1296 comparatur
1069 1225 1127 1279 sive
1144 1230 1221 1280 achas
1239 1226 1313 1280 selus

206 1311 264 1365 sive
282 1311 404 1384 potentia
415 1311 473 1366 sela
490 1311 525 1365 sd
537 1329 584 1366 ens
599 1310 764 1382 completum
776 1329 811 1364 ex
829 1315 942 1382 utroque
958 1311 1097 1366 resultans.
1133 1311 1180 1366 Ad
1191 1312 1251 1366 haec
1269 1310 1312 1366 di·

205 1397 315 1452 stinctie
336 1399 417 1452 realis
437 1397 622 1471 metaphysica
642 1397 728 1452 maier
747 1397 938 1452 hebetiorum
954 1415 1010 1452 non
1027 1399 1116 1453 solum
1134 1398 1206 1453 inter
1222 1405 1313 1453 actum

206 1484 415 1541 substantialem
427 1491 455 1540 et
467 1485 525 1540 eius
539 1484 694 1555 terminum,
708 1484 850 1540 sedetiam
866 1484 937 1539 inter
948 1484 1062 1540 formam
1080 1486 1273 1541 accidentalem
1285 1493 1314 1540 et

206 1571 263 1625 eius
279 1571 447 1626 subiectum:
467 1572 507 1626 ita
519 1576 550 1625 ut
565 1588 645 1625 omne
662 1571 772 1625 omnine
784 1589 832 1625 ens
849 1575 956 1625 constet
971 1571 1110 1644 principiis
1128 1572 1313 1644 metaphysica

204 1658 313 1714 realiter
325 1659 470 1714 distinctis.
508 1660 546 1713 Et
557 1657 683 1712 similiter
694 1657 833 1712 distinmio
844 1658 924 1712 realis
935 1659 1121 1731 metaphysica
1132 1659 1220 1714 minor
1231 1659 1315 1714 habet

205 1745 296 1801 lecum
308 1746 393 1800 etiam
404 1746 511 1818 quande
522 1745 609 1799 ferma
621 1744 794 1799 accidentalis
806 1749 976 1817 comparatur
987 1745 1022 1799 ad
1034 1750 1124 1800 tetum
1135 1747 1315 1818 compositum

206 1832 433 1904 metaphysicum,
453 1837 485 1886 ut
505 1849 590 1903 quum
609 1829 721 1884 inflexio
743 1829 823 1901 digiti
843 1836 1012 1903 comparatur
1030 1832 1066 1886 ad
1085 1831 1175 1905 ipsum
1195 1830 1314 1904 digitum

206 1919 408 1989 inflexum,=vel
427 1937 512 1990 quum
530 1917 621 1972 anima
632 1917 735 1972 habens
753 1917 869 1990 speciem
881 1917 1081 1990 intelligibilem
1093 1925 1263 1992 comparatur
1280 1918 1315 1972 sd

207 2007 285 2062 illam
302 2007 428 2080 speciem,
445 2006 490 2062 vel
508 2023 594 2078 quum
612 2004 742 2061 velocitas
759 2005 876 2076 corperis
894 2010 1064 2077 comparatur
1080 2006 1168 2061 metui
1186 2006 1316 2061 existenti

209 2111 273 2148 oum
284 2111 316 2147 ea
328 2093 481 2148 velocitate.
580 2141 583 2148 .
1129 2148 1133 2157 ‚

246 2181 277 2234 Si
289 2185 458 2252 comparetur
469 2197 495 2234 v.
508 2197 546 2250 gr.
559 2195 614 2232 una
625 2178 758 2233 velocitas
770 2195 832 2232 cum
844 2177 898 2232 alia
910 2178 1062 2248 velocitate,
1075 2178 1238 2252 negligendo
1250 2179 1317 2233 sim-

209 2268 318 2340 pliciter
338 2265 581 2320 considerationem
598 2264 713 2320 subiecti
731 2265 760 2318 in
781 2269 858 2320 metu
880 2265 1030 2334 crematis,
1047 2265 1160 2321 habetur
1177 2266 1317 2320 distinctio

203 2354 331 2428 formatas
351 2353 542 2424 awtaphyaa'ca:
568 2337 783 2424 formalis,'quia
803 2357 918 2424 negatur
941 2353 1070 2408 identitas
1090 2353 1184 2407 semaa
1194 2372 1202 2422 ;
1229 2358 1316 2408 meta-

210 2442 329 2514 physica,
342 2441 407 2512 quia
419 2439 547 2494 velocitas
565 2446 596 2493 ut
613 2439 652 2494 sio
670 2444 712 2494 est
732 2445 807 2494 actus
821 2439 1031 2512 metaphysicus,
1044 2457 1094 2494 nec
1111 2439 1206 2494 existit
1218 2445 1251 2493 ut
1267 2439 1315 2506 sic,

211 2529 258 2584 sed
269 2527 356 2599 exigit
367 2526 527 2582 subiectum.
563 2525 644 2580 Esset
656 2543 718 2581 vere
730 2515 850 2580 formalis
861 2526 981 2598 physica,
993 2525 1017 2580 si
1029 2530 1226 2597 compararetur
1237 2545 1262 2580 v.
1276 2543 1315 2597 gr.

211 2631 308 2669 saxum
320 2617 352 2667 ut
369 2610 471 2666 habens
489 2611 559 2666 hanc
571 2611 745 2666 velocitatem
762 2628 825 2665 cunr
838 2611 926 2684 seipso
943 2617 976 2666 ut
986 2611 1103 2666 habente
1121 2611 1203 2666 aliam
1214 2611 1317 2667 veloci·

212 2707 315 2768 tatem;
334 2703 399 2753 tune
411 2699 486 2752 enim
497 2703 715 2770 compararentur
725 2697 862 2752 realitates
873 2698 992 2770 physicae
1004 2698 1148 2754 modaliter
1160 2699 1304 2754 distinctae.

249 2787 278 2858 c)
296 2783 396 2853 Tertio,
409 2783 433 2838 si
446 2788 560 2854 negetur
576 2783 706 2838 identitas
722 2783 819 2854 logica,
835 2782 978 2838 habebitur
992 2783 1131 2839 dishmtie
1146 2784 1242 2858 logica,
1256 2802 1317 2857 qum

214 2872 315 2926 iterum
327 2870 382 2925 dici
393 2868 494 2942 peterit
505 2869 591 2924 maier
602 2869 645 2924 vel
665 2869 758 2937 minor,
770 2875 852 2942 prout
863 2869 981 2940 habebit,
994 2871 1039 2926 vel
1050 2889 1106 2925 non
1122 2871 1242 2942 habebit,
1255 2872 1318 2926 fun·

215 2959 373 3014 damentum
396 2957 426 3010 in
443 2967 485 3012 re.
522 2955 569 3011 Sic
592 2957 686 3011 divina
708 2956 877 3011 immensitas
902 2963 931 3012 et
953 2957 1090 3012 aeternitas
1114 2957 1320 3031 distinguuntur

214 3046 318 3100 ratione
335 3062 398 3099 cum
409 3043 586 3098 fundamenta
604 3043 633 3097 in
644 3061 681 3113 re,
693 3043 758 3115 quia
774 3044 882 3098 realiter
900 3049 928 3098 et
945 3062 1000 3098 non
1015 3063 1051 3099 ex
1068 3050 1201 3117 conceptu
1213 3050 1320 3100 tantum

215 3134 290 3188 Deus
302 3137 344 3187 est
355 3136 383 3186 et
392 3131 540 3184 immensus
552 3135 580 3184 et
592 3135 717 3199 astemus,
731 3131 778 3185 sed
790 3130 850 3186 haec
862 3131 915 3184 duo
926 3130 956 3184 in
968 3129 1028 3202 ipse
1040 3131 1098 3185 Dee
1110 3136 1175 3184 sunt
1186 3149 1280 3201 unum,
1293 3138 1322 3186 et

216 3220 255 3275 sic
266 3219 473 3290 distinguuntur
484 3221 592 3272 tantum
603 3222 742 3288 conceptu
779 3217 837 3271 Nec
850 3216 922 3270 enim
934 3221 1023 3288 petest
1035 3217 1105 3271 inter
1116 3217 1176 3272 haec
1189 3218 1322 3273 attributa

214 3305 280 3380 peni
292 3305 349 3360 ulla
360 3303 501 3360 distinctio
512 3303 634 3358 formalis
640 3323 647 3372 ;
674 3302 738 3375 quia
748 3301 926 3357 formalitates
938 3302 1083 3371 distinctae,
1096 3302 1146 3357 sub
1158 3303 1256 3374 quibus
1268 3304 1322 3357 im·

214 3393 388 3448 mansitatcm
403 3391 437 3446 ab
450 3391 602 3446 aeternitate
619 3389 797 3446 decernimus
808 3393 939 3461 petuntur
951 3407 985 3443 ex
1001 3389 1214 3444 consideratione
1226 3389 1322 3444 termi-

215 3478 366 3535 nabilitatis
385 3478 533 3532 extrinsece
544 3481 668 3531 tanturn:
688 3481 716 3530 et
733 3475 794 3529 ideo
811 3492 866 3529 non
878 3479 943 3528 sunt
960 3474 989 3528 in
1002 3475 1060 3529 Deo
1076 3475 1143 3547 ipse.
1181 3473 1324 3546 Similiter,

216 3565 322 3637 quande
335 3563 490 3618 humanitas
501 3562 653 3636 concipitur
668 3561 797 3618 distincta
808 3561 838 3614 in
852 3560 1050 3616 animalitatem
1062 3566 1090 3614 et
1101 3561 1325 3632 rationaHtatem,

217 3651 331 3705 habetur
341 3650 480 3704 distinctio
491 3649 580 3721 logica
590 3653 707 3717 tantum,
717 3666 766 3702 seu
777 3647 897 3716 rationis,
910 3647 975 3718 quia
986 3646 1140 3701 animalitas
1152 3647 1269 3702 hominis
1283 3654 1327 3703 est

218 3755 266 3809 per
286 3738 404 3792 animam
422 3736 590 3805 rationalem,
610 3753 692 3807 quam
709 3734 840 3790 includit:
860 3739 889 3790 et
907 3733 946 3787 sic
967 3734 1022 3788 duo
1040 3733 1082 3786 illi
1105 3739 1250 3806 conceptus
1267 3753 1324 3790 rem

217 3823 363 3880 identicam
382 3827 577 3895 repraesentant
598 3822 648 3877 sub
668 3821 773 3877 duobus
793 3820 945 3893 aspectibus
967 3821 1029 3890 (seu
1049 3820 1261 3876 formalitatibus
1282 3840 1325 3877 ra-

218 3911 314 3983 tionis)
327 3927 390 3964 cum
400 3909 576 3963 fundamento
588 3908 617 3961 in
630 3925 665 3962 re,
702 3907 850 3962 Distinctie
862 3906 951 3962 minor
961 3907 1074 3961 rationis
1086 3906 1207 3978 habetur,
1218 3910 1326 3980 quande

218 3996 398 4070 distinguitur
408 4015 434 4051 v.
448 4015 486 4068 gr.
499 3997 581 4050 hemo
598 3996 631 4051 ab
644 3995 756 4051 animali
769 3995 906 4065 rationali,
919 3999 951 4050 ut
968 3995 1113 4049 definitum
1124 4013 1140 4050 a
1158 3996 1324 4063 definitione,

218 4087 265 4141 vel
277 4091 309 4140 nt
325 4084 478 4140 subiectum
492 4102 508 4138 a
525 4083 688 4156 praedicato:
707 4101 768 4155 quae
786 4083 926 4139 distinctio
938 4082 967 4136 in
985 4081 1050 4165 solo,
1060 4083 1141 4137 mode
1160 4083 1329 4156 concipiendi

219 4173 355 4228 fundatur.

254 4259 301 4313 Ad
318 4257 534 4330 respondendum
551 4255 593 4326 iis,
607 4255 654 4327 qui
672 4255 875 4310 distinctionem
892 4253 1032 4308 formalem
1050 4253 1265 4326 metaphysicam
1282 4273 1331 4308 ne-

219 4351 296 4418 gant,
320 4344 504 4416 nota-'primm
527 4343 601 4415 quod
620 4343 721 4412 asadia
739 4341 852 4395 unitatis
873 4339 1031 4412 praecisione
1050 4341 1158 4407 obtenta,
1178 4347 1206 4394 et
1224 4343 1333 4411 negatio

1104 4431 1156 4491 s2
