3240 4986
264 367 326 426 118
726 385 768 427 nn
786 383 917 426 nunno.
1206 361 1294 444 [car.
1312 378 1365 422 111.

263 553 374 610 natura
389 568 444 610 sua
454 546 571 626 tendat,
581 547 635 630 qui
644 546 756 611 dieitur
764 546 953 630 fiaisoperia.
985 545 1074 610 Patet
1085 552 1188 609 autem
1200 542 1368 628 propositio

264 656 365 742 quoad
379 657 509 742 primam
527 665 646 742 partem
655 683 665 735 3
687 656 874 741 impossibile
888 656 970 721 euim
988 665 1036 722 est
1050 677 1145 740 agens
1162 651 1368 719 intellectuale

264 789 355 852 agere
369 769 435 832 sinc
455 767 556 853 aliquo
570 769 642 849 fine,
658 790 755 853 quum
777 790 868 832 causa
882 766 1067 833 intellectiva
1081 788 1144 830 nou
1164 773 1236 849 agat
1250 764 1312 828 nisi
1332 785 1369 828 ex

264 880 433 944 intentione
458 878 541 945 boni.
602 879 712 956 Quoad
737 879 903 944 secundam
927 899 997 943 vero
1023 886 1152 962 partem,
1176 875 1247 940 finis
1269 875 1369 959 operis

265 989 344 1054 nihil
358 991 442 1055 aliud
456 999 503 1056 est
518 991 577 1056 nisi
591 991 622 1056 id
638 991 678 1056 ad
692 990 776 1077 quod
790 1012 868 1075 opus
882 989 1063 1055 naturaliter
1078 987 1188 1054 tendit.
1220 987 1288 1053 Iam
1298 1007 1369 1052 vero

266 1123 356 1166 omne
370 1100 454 1185 quod
473 1101 565 1166 habet
580 1102 641 1166 vim
657 1102 784 1166 activam
807 1122 841 1166 ac
856 1100 1006 1186 passivam
1021 1098 1202 1164 naturaliter
1216 1096 1316 1162 tendit
1330 1095 1370 1161 ad

267 1212 421 1297 agendum
443 1220 474 1278 ct
489 1222 630 1299 paratum
652 1221 699 1278 eat
719 1213 759 1278 ad
779 1212 960 1298 patiendum
983 1212 1068 1278 iuxta
1080 1219 1223 1276 naturam
1246 1231 1371 1274 suarum

267 1324 395 1390 virium:
419 1332 451 1390 ct
465 1324 498 1390 in
513 1325 598 1391 omni
612 1348 645 1391 re
668 1335 767 1392 creata
782 1333 856 1390 sunt
870 1326 947 1391 vires
964 1324 1069 1390 activa
1083 1345 1118 1389 ac
1132 1322 1257 1408 passivae
1265 1346 1275 1401 3
1298 1341 1372 1404 ergo

268 1436 371 1500 omnia
396 1445 495 1502 creata
520 1437 653 1501 tendant
677 1437 716 1502 ad
740 1437 873 1523 aliquem
898 1436 992 1500 finem
1014 1435 1073 1500 sibi
1098 1433 1371 1521 proportionatum.

268 1546 434 1612 Evidentcr
455 1556 557 1612 autem
579 1548 611 1611 in
632 1549 810 1632 quaestione,
825 1569 918 1632 qnam
939 1556 1117 1625 tractamus,
1132 1547 1203 1612 finis
1225 1543 1372 1609 naturalis

269 1659 368 1743 operis
382 1657 464 1722 idem
480 1658 568 1723 debet
584 1681 649 1726 esse
667 1682 702 1724 ac
716 1659 786 1724 finis
800 1659 973 1744 operantis,
996 1659 1083 1724 Deus
1097 1658 1180 1722 enim
1194 1656 1248 1743 qni
1263 1655 1374 1720 creavit

269 1768 421 1834 mundum
437 1791 507 1834 cum
527 1770 641 1836 talibus
656 1770 772 1835 viribus
792 1769 984 1836 naturalibus
1002 1769 1207 1856 praecognovit
1229 1768 1268 1832 ad
1282 1789 1374 1852 quem

271 1881 363 1946 finem
374 1881 604 1967 tenderetopus
620 1905 711 1948 saum
723 1905 778 1968 per
788 1882 865 1947 tales
875 1881 972 1949 vires:
995 1890 1026 1947 et
1041 1903 1104 1946 non
1115 1881 1208 1945 talem
1223 1878 1375 1944 mnndum

272 2000 402 2058 creasset
417 2015 486 2057 cum
502 1993 557 2058 tali
577 1993 708 2059 naturali
732 1994 904 2078 aptitudine
924 1993 963 2060 ad
981 1993 1072 2059 talem
1087 1993 1191 2071 finem,
1206 1991 1265 2057 nisi
1282 1990 1375 2055 talem

271 2103 363 2172 finem
379 2103 444 2187 ipse
459 2103 613 2171 voluisset.

315 2215 368 2277 43.
393 2213 549 2290 Quaeritur
565 2215 709 2295 secundo,
725 2217 765 2282 od
777 2239 861 2299 quem
869 2215 963 2300 ficem
976 2218 1060 2284 Deus
1074 2216 1210 2280 meadum
1225 2213 1375 2278 meaooit.

318 2325 510 2410 Respondeo,
526 2327 629 2391 Deum
649 2349 766 2391 creasse
785 2327 936 2392 mundum
952 2328 991 2393 ad
1011 2327 1141 2412 gloriam
1156 2348 1243 2389 suam
1263 2323 1376 2388 extrin-

275 2457 384 2515 secam,
400 2460 454 2502 seu
473 2437 512 2501 ad
530 2437 589 2520 hoc
607 2447 642 2501 ut
665 2439 730 2502 eius
748 2438 950 2521 perfectiones
972 2438 1250 2513 manifestarentur,
1266 2456 1378 2518 cogno-

276 2556 431 2612 scerentur
455 2558 486 2613 et
511 2559 685 2613 amarentur
711 2548 749 2612 ad
775 2557 868 2612 extra.
913 2549 955 2612 Et
980 2548 1068 2612 facile
1093 2546 1250 2632 probatur.
1297 2545 1378 2608 Nam

275 2660 376 2723 omnis
399 2661 570 2725 substantia
590 2661 690 2725 aDeo
712 2669 812 2726 creata
834 2668 880 2724 eat
895 2658 1034 2746 quaedam
1057 2659 1187 2724 imitatio
1209 2657 1379 2721 divinarum

275 2772 495 2858 perfectionum
521 2795 584 2837 non
610 2772 708 2837 solum
733 2772 953 2851 absolutamm,
976 2772 1030 2836 sed
1056 2772 1148 2836 etiam
1174 2769 1378 2834 relativarum.

275 2884 419 2948 Vidimus
449 2883 541 2962 enim,
566 2906 627 2947 non
658 2883 758 2948 solum
789 2884 940 2968 spiritum,
966 2883 1021 2948 sed
1050 2882 1252 2947 substantiam
1282 2880 1380 2964 ipsam

277 2994 474 3073 materialem,
490 2993 601 3058 habere
623 3015 688 3057 esse
709 3017 764 3078 per
785 2994 942 3058 formalem
966 2977 1221 3078 conspirationem
1245 3000 1331 3056 actus
1351 2999 1382 3054 et

278 3104 403 3169 termini
426 3105 460 3168 in
485 3105 634 3168 unitatem
661 3113 799 3184 naturae,
826 3128 881 3190 per
907 3105 990 3192 quod
1015 3115 1171 3190 tamquam
1197 3105 1230 3168 in
1255 3102 1383 3186 vestigio

280 3214 446 3280 ostendunt
480 3214 588 3280 divinae
615 3215 752 3280 Unitatis
782 3225 812 3280 et
839 3217 997 3281 Trinitatis
1027 3217 1209 3301 imaginem:
1241 3215 1383 3294 vidimus,

280 3348 402 3392 omnem
423 3326 636 3405 substantiam,
652 3348 687 3390 eo
705 3327 772 3412 ipso
795 3327 878 3412 quod
900 3340 957 3408 est,
973 3351 1039 3392 ease
1058 3328 1243 3413 operativam
1265 3328 1297 3390 in
1313 3334 1384 3391 actu

281 3438 390 3523 primo,
418 3447 449 3500 et
474 3438 574 3521 posito
600 3438 732 3502 termino
757 3439 838 3502 intra
862 3439 1011 3527 sphaeram
1039 3462 1101 3504 suae
1125 3437 1296 3517 activitatis,
1319 3439 1386 3502 fieri

283 3549 468 3634 operativam
493 3549 526 3612 iu
552 3557 621 3613 aeta
648 3549 799 3627 seeundo,·
823 3573 878 3635 per
900 3551 983 3636 quod
1010 3551 1144 3616 divinam
1164 3551 1308 3614 virtutem
1331 3572 1386 3613 suo
1429 3627 1431 3632 ι

283 3660 375 3724 modo
401 3659 556 3723 imitatur:
584 3659 725 3737 vidimus,
749 3683 796 3724 res
820 3661 990 3725 materiales
1015 3661 1127 3725 habere
1150 3663 1200 3724 ubi
1225 3683 1278 3746 per
1304 3660 1387 3745 quod

283 3772 450 3836 terminant
471 3770 688 3835 virtualitatem
712 3772 935 3850 immensitatis,
951 3783 982 3836 ct
1003 3774 1202 3852 mobilitatem,
1217 3795 1273 3857 per
1295 3794 1387 3856 quam

286 3882 452 3946 successive
477 3888 670 3944 excurrentes
695 3903 761 3944 eam
786 3881 969 3946 sensibiliter
999 3861 1215 3947 manifestant:
1246 3906 1294 3947 res
1319 3905 1388 3946 vero

285 3993 458 4079 spirituales
472 3991 583 4056 habere
598 3994 648 4056 ubi
667 3992 881 4072 intellectuale,
898 4016 951 4078 per
973 3995 1056 4078 quod
1071 3995 1238 4059 terminant
1252 3993 1388 4058 virtuali-

285 4112 380 4168 tatem
406 4102 664 4187 intelligibilitatis
682 4105 748 4190 (seu
774 4104 922 4168 rationem
946 4105 1079 4189 aliquam
1104 4105 1330 4190 intelligibilem
1357 4107 1389 4196 in

285 4237 406 4280 summo
429 4214 615 4299 intelligibili
640 4215 809 4280 eminenter
835 4219 1035 4301 contentam),
1062 4226 1093 4282 et
1122 4218 1311 4282 mobilitatem
1339 4241 1394 4302 per

284 4350 378 4412 quam
409 4327 573 4391 successive
609 4327 702 4391 talem
732 4328 887 4412 regionem
923 4328 1164 4413 intelligibilium
1194 4329 1392 4414 perlustrant,
