3212 4986
269 303 313 364 26
755 323 797 366 on
815 322 889 367 oro.
971 311 974 316 '
1250 301 1337 384 [car.
1354 319 1378 360 1.

270 483 467 549 lectissimam
479 483 578 550 ideam
591 508 646 550 sen
656 486 821 569 imaginem
833 485 1021 570 adaequatam
1034 483 1083 548 sui
1094 505 1160 548 esse
1175 483 1377 568 intelligibilis

272 597 305 659 in
322 595 422 680 seipso
437 597 605 661 necessario
620 599 810 677 existentem,
823 606 853 661 et
867 617 922 681 per
936 618 1028 680 quam
1044 604 1115 659 actu
1130 605 1176 660 est
1192 595 1376 678 intelligens.

181 769 185 778 ,
272 709 347 774 Haec
364 709 435 774 idea.
450 709 571 775 infinita
590 710 682 774 habet
699 712 843 774 rationem
856 711 1069 794 principicti*,
1085 709 1132 773 vel
1153 709 1276 773 termini
1296 729 1377 772 com-

270 819 384 903 plentis
399 829 501 885 actum
516 820 736 886 intellectivam
751 821 784 886 in
799 845 864 886 esse
880 820 1066 886 intellectivi.
1111 820 1152 884 Et
1167 821 1239 904 quia
1259 842 1296 883 ex
1317 842 1379 882 una

272 940 359 1016 parte
380 932 531 1016 quidquid
552 942 598 998 est
618 941 688 998 actu
708 932 900 1017 intelligibile
920 932 953 996 in
968 941 1040 997 ente
1054 931 1174 996 infinite
1189 932 1332 1016 perfecto,
1347 929 1379 994 id

273 1051 376 1107 totum
391 1051 438 1107 est
453 1053 524 1108 actu
543 1044 732 1109 intellectum
752 1045 784 1108 in
808 1067 863 1109 sua
881 1044 959 1123 idea,
976 1065 1133 1128 quumque
1155 1066 1192 1107 ex
1213 1043 1272 1107 alia
1291 1050 1379 1127 parte

274 1163 408 1240 nequeat
428 1179 494 1220 esse
511 1155 579 1220 idea
597 1157 656 1220 nisi
670 1156 704 1220 in
719 1156 929 1238 intelligente3
954 1156 1091 1240 sequitur
1105 1155 1205 1220 ideam
1219 1155 1299 1219 hanc
1314 1177 1379 1218 esse

274 1290 359 1351 aeque
374 1267 527 1332 infinitam
543 1290 577 1333 ac
593 1267 695 1352 ipsum
710 1267 901 1351 intelligibile
916 1267 1004 1334 euius
1020 1275 1066 1331 est
1081 1267 1159 1346 idea,
1175 1275 1206 1331 et
1226 1266 1378 1330 essentiali

274 1377 454 1442 necessitate
476 1378 671 1444 intrinsecam
695 1377 889 1462 intelligenti.
935 1377 1015 1454 Quia
1030 1387 1208 1442 vem'actus
1230 1398 1292 1461 quo
1314 1377 1378 1440 haec

275 1489 344 1553 idea
361 1489 463 1553 existit
483 1489 516 1552 in
536 1488 641 1554 ordine
661 1489 802 1554 absoluto
819 1490 928 1573 nequit
947 1512 1012 1554 esse
1030 1489 1091 1553 nisi
1110 1498 1196 1552 actus
1217 1487 1314 1572 ipsius
1331 1489 1378 1550 in·

275 1601 453 1684 telligentis,
469 1600 557 1664 cuins
572 1608 619 1664 est
634 1601 783 1666 terminus
800 1601 883 1684 (nam
901 1601 1007 1665 nullus
1024 1601 1175 1666 terminus
1195 1599 1379 1662 intrinsecus

275 1711 367 1775 habet
381 1733 447 1774 esse
461 1710 521 1774 nisi
537 1733 590 1794 per
608 1721 721 1789 actum,
733 1710 820 1776 cuius
835 1719 882 1775 est
896 1711 1071 1792 terminus),
1088 1711 1226 1796 sequitur
1240 1710 1379 1789 ulterius,

276 1821 375 1886 ideam
391 1843 522 1907 queens
541 1821 661 1885 infinite
681 1821 850 1906 perfectum
872 1845 904 1886 se
926 1823 1091 1906 cognoscit,
1107 1845 1172 1886 esse
1192 1824 1379 1886 consubstan-

276 1934 375 1997 tialem
398 1933 603 2016 cognoscenti,
628 1934 671 1996 ita
700 1942 745 2013 ut,
776 1934 914 2018 quamvis
939 1934 1016 1999 ratio
1039 1933 1176 1998 formalis
1206 1933 1380 2018 principiati

276 2043 396 2108 realiter
419 2053 595 2128 opponatur
615 2045 725 2109 rationi
747 2045 868 2110 formali
885 2046 1108 2131 principiantis,
1127 2055 1256 2130 utraque
1276 2032 1379 2109 lamen

278 2156 379 2239 exigat
395 2155 484 2236 unico
499 2164 530 2220 et
544 2155 643 2220 eidem
658 2158 740 2222 actui
751 2156 890 2222 absoluto
901 2157 1092 2239 identificari,
1105 2165 1140 2222 ut
1152 2180 1222 2222 mox
1234 2157 1378 2221 dicemus.

322 2267 405 2331 Hinc
425 2268 526 2346 tertio,
543 2268 568 2331 si
590 2268 797 2333 consideretur
817 2269 978 2352 exigentia,
995 2292 1056 2354 qua
1075 2278 1161 2334 actus
1176 2269 1391 2356 intellectivus

277 2377 416 2442 infinitus
445 2378 540 2464 exigit
569 2380 734 2444 terminum
764 2380 923 2444 infinitum
946 2380 1003 2444 sibi
1025 2380 1325 2458 consubstantialem,
1348 2389 1379 2442 et

278 2490 441 2574 exigentia,
476 2513 537 2574 qua
562 2491 712 2578 terminus
737 2491 787 2555 hic
816 2481 956 2556 infinitus
980 2493 1074 2576 exigit
1103 2493 1262 2556 inexistere
1291 2491 1381 2555 intel·

277 2600 396 2684 ligenti,
420 2599 587 2685 apparebit,
625 2600 704 2665 hanc
740 2610 879 2665 mutuam
916 2611 947 2666 et
976 2603 1166 2668 essentialem
1197 2603 1380 2687 exigentiam

279 2711 391 2775 habere
406 2712 554 2776 rationem
574 2711 732 2776 formalem
753 2716 978 2797 conspirationis
1001 2715 1041 2778 ad
1065 2715 1323 2779 coinexistendum
1347 2715 1381 2777 in

278 2822 398 2886 unitate
420 2821 617 2886 substantiae:
641 2845 677 2887 ex
700 2823 756 2888 hac
778 2833 880 2889 autem
899 2825 1021 2890 formali
1039 2827 1263 2910 conspiratione
1278 2849 1381 2892 neces·

280 2933 359 2996 sario
379 2931 506 2996 resultat
524 2933 659 2998 formalis
679 2935 782 3000 unitas
803 2935 990 3017 substantiae,
1005 2947 1163 3022 tamqnam
1180 2938 1381 3003 intrinsecum

281 3053 311 3108 et
326 3044 518 3128 adaequatum
534 3046 792 3130 complementum
811 3047 907 3133 ipsius
929 3049 1171 3133 conspirationis.
1219 3051 1287 3114 Hoc
1310 3050 1381 3114 sub·

315 3250 333 3287 ⁴*
351 3245 379 3300 S.
389 3246 507 3302 Thomas
518 3248 556 3321 (p.
566 3250 590 3303 1.
600 3267 624 3320 q.
635 3251 677 3305 33.
689 3268 711 3305 a.
721 3251 751 3322 1)
760 3270 816 3306 non
824 3253 885 3308 vult
893 3253 934 3308 uti
943 3254 995 3308 hoc
1007 3255 1137 3310 vocabulo
1145 3255 1180 3310 ad
1188 3255 1384 3328 designandum

280 3332 401 3391 Verbum
420 3334 553 3406 divinum,
575 3337 640 3408 quia
660 3337 769 3393 videtur
789 3339 832 3395 illi
852 3346 997 3396 connotare
1018 3342 1137 3414 aliquam
1158 3343 1382 3414 dependentiam:

280 3419 380 3475 fatetur
391 3426 483 3476 tamen
495 3422 533 3476 sic
545 3422 650 3479 locutos
662 3423 744 3478 fuisse
754 3425 864 3480 Graecos
876 3427 1024 3498 theologos.
1062 3427 1117 3482 Sed
1129 3429 1152 3482 si
1160 3430 1213 3483 hoc
1221 3429 1384 3484 vocobulum

281 3507 429 3579 accipiatur
441 3510 640 3581 convenienter,
652 3511 682 3565 id
696 3517 738 3566 est
755 3513 790 3566 ad
808 3513 1012 3584 exprimendam
1029 3515 1226 3586 oppositionem
1241 3517 1384 3571 relativam

281 3595 385 3648 ratione
409 3597 519 3666 magicis
542 3597 709 3670 simpliciter,
727 3604 799 3654 recte
817 3599 939 3654 Verbum
963 3601 1087 3656 divinum
1107 3602 1161 3656 dici
1179 3609 1270 3675 potest
1281 3606 1384 3675 prinei-

237 3703 239 3710 Α
276 3680 382 3750 masam
398 3683 468 3736 sicut
479 3683 562 3737 Pater
578 3685 677 3738 dicitnr
688 3685 858 3756 princapium.
895 3686 954 3741 Nec
969 3687 1161 3760 principiatum
1177 3691 1207 3744 de
1218 3710 1245 3744 sc
1256 3696 1384 3752 connotat

282 3768 497 3839 dependentiam.
534 3770 607 3825 Nam
625 3790 680 3826 non
701 3772 787 3844 magis
806 3773 955 3828 involvitur
979 3780 1124 3847 conceptus
1145 3777 1332 3848 dependentia
1354 3779 1384 3833 in

281 3853 450 3926 principiato,
472 3873 555 3926 quam
575 3862 720 3930 conceptus
739 3859 934 3930 superioritatis
955 3859 985 3912 in
1005 3860 1153 3933 principio:
1180 3863 1227 3918 ssd
1248 3865 1281 3919 de
1302 3867 1384 3920 Patre

281 3940 396 4010 dicimus
408 3941 481 4014 quod
493 3942 532 4015 sit
537 3943 701 4014 princepium
714 3944 771 3998 sine
784 3944 882 4000 damno
894 3947 1057 4017 aequalitatis
1068 3966 1256 4021 personarum
1275 3970 1337 4024 ergo
1350 3953 1384 4006 de

281 4027 372 4082 Verbo
381 4027 507 4082 similiter
515 4029 755 4102 dicerelicetquod
765 4031 800 4085 sit
807 4033 1012 4102 pirumplatum:
1031 4035 1181 4107 praesertim
1193 4055 1277 4108 quum
1290 4040 1384 4094 eodem

282 4115 362 4168 modo
380 4115 494 4170 relativa
508 4116 564 4170 sint
581 4117 745 4190 principium
764 4124 792 4172 et
807 4119 1007 4192 principiatum,
1021 4123 1091 4177 sicut
1103 4124 1241 4179 Generans
1253 4131 1281 4180 et
1293 4127 1384 4182 Gene-

280 4209 378 4272 ratum,
390 4220 451 4273 quae
464 4203 497 4258 de
508 4203 609 4260 divinis
621 4205 746 4260 Personis
757 4205 812 4276 dici
823 4212 943 4278 possunt,
956 4209 1022 4280 quin
1034 4215 1195 4266 connotetur
1206 4214 1385 4284 dependentia

282 4287 310 4341 in
323 4287 467 4342 Generato
