3186 4982
270 333 335 398 282
640 356 746 400 ιιιιιιιι
760 356 998 402 curonoorcus.
1246 339 1332 424 [car.
1349 361 1375 405 ι.

195 527 198 536 ’
268 526 439 599 possibilium
449 531 524 584 totus
535 533 577 584 eat
589 528 618 584 in
630 529 724 586 divina
736 532 852 588 essentia
862 531 1070 605 utinprIncipio
1079 536 1190 602 remoto,
1201 532 1268 588 etin
1279 533 1374 590 divina

268 613 451 687 intelligentia
463 615 535 671 utin
551 616 683 690 principio
694 617 834 690 proximo:
861 619 978 690 practica
989 623 1081 674 autem
1096 619 1261 692 possibilitas
1274 621 1371 694 (quam

267 699 351 756 etiam
368 706 468 758 vocant
487 703 670 775 ectaiuecarrd
689 704 772 760 habet
787 709 816 760 at
832 705 908 760 aliud
924 705 1089 779 principium
1105 707 1262 781 proximius,
1274 724 1372 780 nempe

268 786 391 842 divinem
403 787 630 860 omnipotentiam
643 790 720 863 (Vll.
734 807 760 846 n.
774 791 861 846 45-47
874 797 903 847 et
913 810 939 847 n.
954 793 1011 865 54).

303 874 344 930 16.
363 874 442 930 Siout
457 893 501 930 erra
519 877 663 931 abactam
683 881 725 932 est
743 876 804 932 fons
824 878 904 934 realis
925 878 1013 933 omnis
1032 877 1112 948 entis,
1124 878 1166 934 ita
1185 877 1246 934 fons
1267 878 1312 950 (ut
1330 877 1372 934 sic

266 961 369 1033 dicam)
380 963 537 1035 potentialia
546 963 635 1019 omnis
647 963 717 1018 entis
729 969 771 1019 est
782 983 834 1018 nora
845 981 889 1018 erra
901 965 1045 1019 absalme
1056 965 1130 1037 quod
1141 964 1241 1020 dicitur
1251 964 1369 1019 nuum

265 1047 381 1103 Necesse
393 1049 467 1104 enim
475 1055 517 1104 ast
528 1055 561 1105 ιιι
572 1049 609 1120 id,
622 1049 696 1123 quod
707 1055 750 1105 est
760 1050 850 1105 adhuc
861 1050 984 1106 totaliter
994 1050 1025 1105 in
1036 1051 1160 1122 pauntia
1171 1052 1206 1104 ad
1218 1052 1369 1120 assandum,

265 1135 336 1190 nihil
346 1135 390 1190 sit.
427 1135 518 1202 Quare
535 1136 699 1208 possibilitas
712 1136 759 1206 rei,
773 1135 796 1192 si
808 1136 993 1192 consideratum
1009 1141 1131 1209 exparte
1142 1137 1261 1207 termini,
1273 1140 1315 1192 est
1326 1153 1372 1190 re·

264 1239 329 1277 vara
335 1241 435 1293 param
447 1223 556 1277 uetitum
567 1223 649 1278 entia:
668 1227 697 1277 et
705 1222 729 1276 si
736 1239 783 1277 ens
791 1221 888 1278 debeat
899 1223 986 1296 primo
996 1241 1030 1278 ex
1039 1223 1161 1295 possibili
1172 1221 1232 1278 fieri
1243 1221 1372 1292 existens,

263 1309 413 1363 necessario
423 1327 458 1364 ex
468 1308 557 1364 nihilo
568 1309 617 1364 fiat
629 1307 722 1380 (vm.
733 1326 759 1363 n.
773 1309 791 1362 8
802 1313 831 1364 et
842 1327 868 1363 n.
883 1308 992 1380 28-31).

299 1394 354 1450 Sed
365 1396 400 1450 ad
407 1395 610 1468 concipiendam
622 1394 781 1450 emsantiaun
786 1394 944 1468 possibilem
956 1395 1027 1450 entis
1040 1413 1074 1450 ex
1085 1399 1161 1468 parte
1173 1394 1291 1465 termini,
1300 1395 1372 1451 illud

264 1482 365 1554 quoda
380 1487 455 1554 parta
473 1481 512 1535 rei
530 1485 572 1536 est
586 1481 706 1535 nihilum
721 1481 884 1551 absolutum,
896 1481 1001 1553 indiget
1019 1481 1183 1537 considerari
1197 1486 1230 1536 ιιι
1246 1481 1371 1554 potentia

264 1567 389 1639 quaedam
405 1567 579 1622 terminativa
590 1572 675 1636 actus,
688 1584 742 1640 quo
754 1573 834 1636 caret,
847 1572 879 1622 ut
890 1567 996 1623 dictum
1008 1572 1056 1622 est.
1093 1568 1221 1622 Nihilum
1238 1568 1311 1622 enim
1322 1567 1371 1623 ab·

264 1653 391 1723 solutum,
403 1657 436 1708 ut
448 1652 493 1720 sic,
507 1653 611 1727 concipi
622 1653 726 1725 nequit,
739 1655 786 1708 sed
802 1653 920 1708 nihilum
937 1654 1106 1726 privativum
1122 1654 1190 1709 bene
1204 1654 1310 1726 concipi
1322 1671 1372 1724 pc·

263 1743 318 1793 test
335 1743 444 1811 propter
460 1739 659 1811 oppositionem
676 1739 712 1794 ad
729 1744 891 1812 conceptum
907 1740 1055 1812 positivum
1076 1745 1160 1809 actus,
1177 1741 1212 1795 ad
1230 1758 1310 1812 quern
1322 1757 1372 1813 per

264 1830 384 1880 mentem
396 1825 517 1897 refertur,
530 1826 597 1881 dum
611 1826 795 1882 consideratur
811 1830 844 1881 ut
861 1827 984 1900 potentia
994 1827 1169 1884 terminatius
1180 1831 1256 1882 acan
1269 1826 1365 1898 (VIII.

264 1929 293 1966 n.
308 1911 365 1982 28).

299 1997 341 2051 17.
361 1997 496 2052 Essentiae
517 1997 657 2070 possibiles
672 2002 737 2053 sunt
753 1998 902 2068 formaliter
915 1999 989 2072 idem
1006 2017 1038 2054 ac
1054 1999 1249 2072 possibilitates
1259 2016 1349 2054 rerum
1358 2018 1366 2069 3

262 2083 335 2138 unde
347 2084 468 2156 sequitur
479 2086 552 2157 quod
563 2085 633 2140 sicut
644 2085 697 2153 hae,
710 2085 787 2140 itaet
798 2086 854 2140 ills
866 2103 922 2140 non
933 2090 998 2140 sunt
1009 2085 1113 2157 aliquid
1120 2086 1174 2140 nisi
1185 2087 1216 2140 in
1225 2087 1368 2142 intellectu

262 2170 320 2226 eive
331 2171 452 2226 increato
464 2172 522 2227 sive
534 2177 630 2226 creato.
667 2172 702 2225 In
714 2172 856 2227 intellectu
862 2177 951 2226 creato
959 2184 1023 2226 sunt
1032 2173 1102 2226 attia
1111 2172 1229 2242 ναιίοπιι,
1238 2177 1271 2226 ιιι
1279 2173 1368 2228 resul-

262 2261 305 2312 tat
316 2275 350 2312 ex
368 2257 546 2329 supradictis:
571 2258 601 2312 in
618 2257 760 2312 intellectu
777 2275 840 2312 vero
858 2258 952 2313 divino
964 2258 1016 2312 etsi
1033 2257 1136 2313 habent
1150 2276 1201 2313 aare
1218 2259 1295 2328 reale,
1311 2276 1369 2314 non

263 2349 355 2398 tamen
367 2345 490 2399 realitate
502 2344 616 2417 propria,
628 2344 676 2398 sed
686 2343 810 2398 realitate
819 2344 920 2399 divinae
928 2344 1052 2398 essentiae
1059 2348 1168 2399 tanturn
1177 2364 1184 2413 3
1198 2344 1270 2399 unde
1277 2345 1368 2400 adhuc

261 2435 354 2485 manet
372 2431 452 2501 quod,
470 2429 554 2486 etiam
572 2430 601 2483 in
620 2430 687 2500 Deo,
709 2429 832 2484 assentire
848 2430 988 2502 possibiles
1000 2430 1154 2502 formaliter
1174 2435 1290 2502 sumptae
1310 2431 1367 2485 sint

262 2534 307 2569 erra
315 2517 432 2570 rationu.
468 2516 507 2570 Et
521 2515 554 2570 de
565 2515 638 2570 facto
646 2533 702 2569 non
712 2516 910 2588 condpiuntur,
922 2517 975 2571 nisi
987 2523 1179 2590 consequenter
1189 2518 1225 2572 ed
1242 2518 1367 2573 conside·

261 2602 394 2656 rationem
405 2601 563 2657 extrinsecae
574 2601 768 2657 imitabilitatis
780 2603 881 2658 divinar
898 2603 1021 2657 essentiae
1033 2608 1065 2656 ut
1080 2603 1225 2658 intellectu
1239 2603 1365 2675 cognita).

260 2689 402 2758 Attamen,
414 2688 478 2760 quia
494 2688 546 2742 hoc
557 2705 656 2742 nomen
673 2706 717 2742 erae
734 2689 845 2743 rationis
855 2707 910 2743 non
927 2690 997 2743 solet
1013 2687 1137 2744 adhiberi
1155 2690 1264 2760 quando
1275 2689 1367 2761 loqui-

262 2792 323 2829 mur
334 2775 368 2830 de
380 2775 447 2845 Deo,
460 2775 584 2830 essentiae
599 2773 741 2846 possibiles
755 2774 883 2830 dicuntum
893 2775 985 2848 potins
1001 2774 1117 2828 eeaeda'oe
1133 2775 1234 2844 idealea,
1248 2774 1369 2830 validae

262 2862 358 2918 divine
371 2861 448 2933 (VII.
462 2881 489 2916 n.
502 2862 560 2933 45).

297 2949 339 3003 18.
359 2947 540 3003 concluditur
552 2948 580 3001 1⁰
591 2947 720 3002 essentias
731 2964 821 3002 rerum
833 2964 890 3001 esse
902 2946 1005 3018 aliquid
1016 2947 1088 3002 reale
1096 2946 1192 3019 iubeo
1206 2948 1367 3019 (eminenter,

261 3053 316 3089 non
328 3035 504 3108 formaliter),
517 3040 546 3089 et
556 3035 627 3088 nihil
642 3035 714 3089 reale
726 3034 918 3090 extraDeum:
946 3034 978 3086 2⁰
991 3033 1120 3088 essentias
1133 3038 1161 3087 at
1172 3033 1365 3105 possibilitates

259 3138 350 3176 rerum
361 3122 391 3174 in
401 3121 462 3174 Deo
473 3137 530 3174 esse
542 3125 665 3190 eternas,
676 3120 845 3190 necessariae,
858 3119 1042 3174 immutabiles
1063 3124 1091 3174 et
1109 3119 1246 3175 infinitas:
1265 3122 1298 3175 3⁰
1310 3121 1367 3177 dis·

259 3205 421 3261 tinctionem
427 3223 516 3260 rerum
525 3205 695 3277 possibilium
703 3223 758 3260 non
765 3205 872 3260 desumi
881 3223 916 3260 ex
923 3206 1038 3261 entitate
1044 3223 1128 3278 quarn
1141 3207 1257 3278 positive
1266 3207 1367 3263 habent

260 3293 291 3347 in
302 3292 369 3362 Deo,
382 3292 430 3347 sed
441 3310 476 3346 ex
488 3289 624 3347 distinctis
636 3292 759 3347 terminis
771 3293 806 3346 ad
817 3309 884 3364 quos
896 3299 972 3348 acuis
988 3293 1098 3349 divinus
1116 3295 1256 3349 terminari
1267 3299 1365 3367 potest

260 3379 290 3433 4ο
302 3378 381 3434 Licet
392 3378 501 3433 termini
512 3377 634 3433 distincti
645 3378 767 3432 nondum
777 3378 896 3433 habeant
907 3379 1083 3434 existentiam
1094 3381 1243 3435 secundum
1252 3399 1289 3450 se,
1301 3387 1366 3436 sunt

260 3471 353 3520 tamen
364 3465 466 3537 cogniti
481 3469 514 3518 ut
524 3464 664 3537 possibiles
675 3465 810 3534 distincte,
823 3469 852 3519 et
870 3465 909 3520 sic
927 3465 1051 3520 existunt
1068 3466 1098 3520 in
1112 3465 1254 3522 intellectu
1269 3467 1364 3524 divino

260 3557 292 3606 ιιι
315 3551 443 3606 distincte
467 3568 512 3606 eos
536 3555 728 3623 cognoscente:
756 3550 816 3606 dico
840 3550 966 3621 daetr‘nete,
990 3569 1047 3606 non
1067 3556 1208 3622 tamquam
1229 3551 1365 3608 distinctis

260 3639 439 3710 cognoscendi
459 3637 571 3707 actibus,
593 3636 666 3709 quod
686 3642 728 3691 est
745 3636 919 3710 impossibile,
940 3638 988 3692 sed
1006 3642 1147 3711 tamquam
1166 3638 1297 3693 terminos
1315 3640 1364 3712 qui

260 3725 387 3781 distincte
399 3743 456 3780 esse
467 3728 580 3797 possunt
590 3728 668 3778 extra
680 3723 777 3777 Deum.
815 3721 908 3788 Quum
920 3724 993 3778 enim
1005 3724 1094 3778 omnis
1112 3729 1188 3779 ectus
1206 3724 1365 3782 denomina-

260 3816 306 3866 tur
324 3829 341 3866 s
359 3812 483 3881 termino,
504 3809 623 3882 cognitio
647 3808 866 3864 denominabitur
889 3811 1030 3864 maltorum
1054 3810 1132 3880 (licet
1151 3809 1211 3882 ipsa
1232 3810 1270 3864 sit
1294 3819 1364 3867 unus

260 3902 336 3954 actus
347 3896 504 3980 entitativa)
516 3896 540 3950 si
551 3896 629 3951 radat
635 3896 690 3950 sint
698 3895 808 3950 termini
819 3895 917 3950 saltem
928 3895 1066 3965 virtuales,
1076 3896 1112 3950 ad
1123 3913 1190 3969 quos
1202 3897 1365 3953 terminatur

261 3984 483 4142 (widdbupemst
493 4069 652 4134 notandum,
665 4067 738 4138 quod
749 4067 876 4138 quedam
886 4072 952 4122 sunt
965 4068 1083 4138 mortua
1100 4086 1148 4124 ssu
1161 4068 1319 4140 extrinsece,
1331 4073 1365 4124 ut

259 4157 361 4225 dicunt,
373 4154 513 4228 possibilia
523 4171 578 4208 non
590 4157 698 4206 tantum
709 4169 758 4224 per
769 4153 997 4224 comparationem
1009 4154 1044 4208 ad
1056 4153 1178 4209 divinam
1191 4154 1365 4227 omnipoten-

258 4242 335 4309 tiam,
348 4241 490 4295 sedetiam
502 4235 785 4312 percomparationem
792 4237 827 4291 ad
834 4238 965 4293 virtutem
972 4245 1090 4294 cresum
1102 4241 1152 4294 sub
1161 4241 1214 4294 Dei
1226 4258 1364 4296 concursu.

259 4329 305 4384 Sic
316 4327 443 4401 possibile
459 4330 501 4380 est
512 4325 556 4380 avi
569 4325 711 4394 volare-et
722 4323 786 4380 bovi
805 4325 917 4396 mugire.
954 4326 1070 4380 Volatus
1087 4332 1180 4382 autem
1197 4332 1226 4380 et
1243 4327 1366 4398 mugitus
