3240 4986
274 349 337 412 126
731 367 774 410 nn
791 367 923 412 nonno.
1218 351 1304 434 [osa.
1321 372 1376 416 ιιι.

271 534 325 620 qui
349 535 431 598 enim
458 531 574 618 aliquid
600 553 662 597 non
688 532 764 613 vult,
789 556 852 598 non
877 535 956 600 illud
982 534 1073 600 habet
1099 545 1135 600 ιιι
1159 537 1261 600 finem.
1308 539 1377 602 Hoc

270 647 381 731 posito,
396 646 521 710 libertas
545 645 604 709 Dei
627 645 750 730 proprie
771 647 912 712 consistit
935 647 968 710 in
992 647 1050 712 hoe
1073 647 1158 733 quod
1180 649 1264 713 hunc
1283 650 1376 714 finem

269 758 418 838 intendat,
433 780 524 844 quem
547 765 650 842 posset
664 777 729 820 non
751 757 929 824 intendere:
952 759 1042 823 etsie
1063 759 1223 825 deficiente
1236 762 1307 841 fine,
1323 784 1378 826 seu

268 870 412 935 volitione
427 869 557 934 alicuius
578 868 632 947 rei,
647 868 836 953 impossibile
849 870 885 935 lit
905 871 1041 956 cogitare
1057 870 1095 935 de
1114 871 1263 953 libertate,
1279 895 1376 958 quum

268 981 393 1046 libertas
409 981 448 1045 sit
470 980 568 1065 ipsius
582 978 747 1044 volitionis.
791 980 927 1045 Tandem
951 983 1051 1047 notari
1066 991 1167 1068 potest
1181 985 1265 1070 quod
1279 985 1377 1069 gloria

268 1096 436 1173 iatrimcra,
451 1115 544 1178 quam
563 1100 669 1156 auctor
690 1091 779 1176 ponit
793 1100 951 1179 tamquam
966 1094 1060 1158 finem
1082 1096 1142 1160 Dei
1157 1096 1296 1176 creantis,
1311 1118 1375 1162 non

269 1206 408 1270 consistit
422 1205 455 1268 in
471 1203 613 1268 exercitio
628 1201 738 1267 divinae
752 1201 902 1269 libertatis
913 1229 923 1283 3
947 1206 1019 1290 quia
1033 1205 1156 1272 libertas
1171 1208 1275 1273 divina
1288 1209 1375 1274 nullo

268 1317 360 1381 modo
375 1323 531 1382 exercetur·
545 1314 583 1379 ad
598 1313 687 1393 intra,
703 1314 756 1378 sed
771 1314 810 1379 ad
832 1325 917 1381 extra
931 1326 1072 1382 tantum:
1096 1328 1127 1383 et
1142 1319 1220 1384 sicut
1236 1321 1275 1384 ad
1289 1330 1373 1386 extra

268 1437 391 1494 tantum
406 1436 569 1507 exercetur,
585 1426 629 1491 ita
642 1448 699 1512 per
711 1428 878 1494 terminum
893 1430 1096 1496 extrinsecum
1111 1431 1145 1496 in
1159 1455 1224 1497 esse
1239 1435 1373 1498 formalis

267 1539 417 1605 libertatis
440 1538 648 1618 constituitur,
664 1547 696 1604 et
711 1539 806 1604 solam
827 1540 1025 1606 extrinsecam
1041 1542 1109 1606 Deo
1124 1542 1253 1628 gloriam
1268 1568 1374 1630 parere

268 1659 378 1736 potest.
433 1651 492 1716 Per
515 1651 579 1716 haec
606 1650 690 1729 satis,
714 1651 832 1736 opinor,
856 1651 1027 1717 difficultati
1056 1655 1219 1739 proposita
1247 1678 1372 1740 respon-

269 1786 337 1828 sum
353 1771 409 1827 est.

311 1876 420 1939 Iactat.
445 1874 530 1938 Deus
552 1883 683 1938 nonest
706 1873 783 1938 liber
806 1875 845 1939 ad
867 1875 1020 1960 agendum
1040 1876 1088 1940 vel
1113 1899 1175 1941 non
1198 1879 1371 1962 agendum

268 2009 364 2072 quum
383 2008 474 2070 agere
487 1985 642 2051 evidenter
657 1986 696 2050 sit
720 1985 828 2050 melius
843 2009 936 2072 quam
951 2009 1014 2051 non
1029 2010 1129 2071 agere,
1145 1989 1280 2075 adeoque
1295 1993 1373 2056 ectio

268 2097 413 2183 perfectio
428 2097 477 2176 sit,
494 2117 555 2181 qua
569 2097 655 2161 Dens
671 2119 771 2162 carere
787 2120 849 2162 non
864 2107 976 2183 potest.
1021 2098 1104 2183 Ergo
1118 2102 1319 2168 essentialiter
1333 2103 1372 2168 ad

267 2213 333 2277 eius
351 2213 479 2295 gloriam
502 2213 697 2277 intrinsecam
718 2213 851 2296 pertinet
873 2213 1049 2277 exercitium
1072 2213 1230 2279 libertatis.
1276 2218 1373 2302 Atqui

267 2323 439 2388 libertatern
455 2324 588 2388 exercuit
609 2325 643 2387 in
658 2324 809 2403 creand03
832 2345 906 2408 ergo
921 2324 1042 2403 creatio,
1058 2334 1209 2409 quatenus
1224 2336 1270 2392 est
1285 2338 1371 2394 acm·

268 2435 337 2515 Dei,
353 2435 496 2500 conducit
519 2433 558 2499 ad
573 2434 702 2520 gloriam
717 2435 777 2500 Dei
799 2435 1006 2513 intrinsecam,
1022 2435 1158 2522 adeoque
1177 2436 1234 2502 sub
1253 2439 1310 2504 hoc
1325 2463 1371 2504 re-

267 2555 374 2632 spectu
399 2554 445 2610 est
467 2545 651 2630 appetibilis,
667 2555 698 2611 et
722 2545 804 2610 solus
821 2545 892 2608 finis
914 2546 981 2610 Deo
1002 2544 1115 2630 dignus
1137 2556 1167 2612 et
1187 2549 1371 2616 intrinsecus

269 2641 403 2742 (sarua
419 2659 487 2741 ιιι).

310 2769 493 2854 Respondeo
502 2790 532 2833 a.
545 2777 619 2849 cat,
631 2767 714 2854 quod
726 2776 773 2832 est
787 2766 926 2832 absolute
936 2767 1059 2833 falsum.
1095 2768 1145 2832 Ad
1160 2767 1370 2854 probationem

266 2882 333 2945 dict.
350 2889 412 2945 met.
428 2880 536 2944 melius
557 2889 605 2944 est
627 2902 726 2964 agere,
742 2902 835 2964 qnam
855 2901 918 2944 non
939 2901 1039 2963 agere,
1062 2879 1126 2944 enti
1144 2880 1226 2965 quod
1250 2884 1370 2966 agendo

266 2992 421 3078 perficitur
440 2991 603 3056 intrinsece
621 3014 701 3056 corae.
716 2999 789 3070 cat,
805 2991 873 3054 Deo
888 2989 1064 3054 meliorest
1085 3012 1175 3074 agere
1195 3015 1287 3076 quam
1306 3017 1369 3060 non

265 3125 355 3188 agere
369 3127 398 3167 n.
415 3111 475 3166 αιιι.
492 3111 523 3166 et
536 3125 613 3166 eoas.
655 3103 755 3182 Deus,
770 3101 825 3187 qui
845 3110 893 3166 est
910 3109 994 3165 totus
1009 3108 1095 3165 actus
1110 3109 1141 3165 et
1159 3124 1253 3186 purum
1272 3113 1368 3185 actus,

265 3237 328 3279 non
350 3213 442 3278 habet
463 3213 639 3278 exercitium
661 3213 812 3278 libertatis
834 3213 874 3277 ad
896 3213 988 3292 intre,
1003 3212 1077 3298 quia
1096 3213 1270 3278 exercitium
1293 3215 1367 3281 dicit

264 3324 428 3409 quemdam
443 3332 572 3403 motum,
585 3324 639 3409 qui
654 3333 739 3388 totus
753 3323 847 3407 recipi
862 3323 952 3387 debet
967 3322 1006 3387 ad
1021 3332 1114 3387 extra.
1161 3324 1245 3389 Hinc
1252 3336 1367 3407 auctor,

263 3456 354 3519 quem
371 3434 550 3515 refutamus,
567 3435 645 3499 male
660 3434 824 3518 distinguit
841 3434 1023 3498 creationem
1039 3442 1206 3518 spectatam
1222 3437 1315 3503 relate
1330 3440 1368 3504 ad

264 3547 429 3611 terminum
455 3555 486 3612 et
508 3546 691 3611 creationem
713 3554 879 3631 spectatam
902 3545 997 3610 relate
1019 3545 1056 3610 ad
1084 3545 1275 3628 subiectum3
1297 3551 1368 3635 quia

263 3657 346 3744 quod
369 3668 416 3723 est
441 3658 600 3724 relativum
624 3658 762 3743 implicat
788 3657 961 3723 subiectum
985 3666 1017 3721 et
1041 3659 1207 3723 terminum
1230 3660 1366 3727 indivisi·

262 3769 373 3850 biliter,
388 3779 420 3835 et
448 3770 517 3834 ideo
546 3771 658 3835 creatio
682 3779 818 3854 spectata
843 3769 1022 3854 simpliciter
1045 3778 1082 3833 ut
1107 3780 1193 3836 aetus
1218 3771 1279 3835 Dei
1303 3774 1368 3838 sine

262 3881 407 3945 relatione
427 3880 466 3944 ad
486 3881 652 3944 terminum
670 3881 731 3944 iam
751 3902 815 3944 non
834 3888 882 3944 est
903 3880 1023 3959 creatio,
1040 3879 1094 3944 sed
1115 3881 1181 3966 ipse
1203 3891 1289 3952 actus
1306 3907 1367 3970 quo

261 3990 347 4055 Deus
365 3999 412 4054 est
433 3991 467 4054 in
490 4013 522 4055 se
543 3990 691 4069 absolute,
707 4000 738 4054 et
761 3991 935 4056 nonhabet
958 3991 1089 4077 amplius
1109 3993 1259 4058 rationem
1280 4004 1367 4059 actua

261 4101 358 4182 liberi,
374 4102 427 4166 sed
443 4124 561 4166 summe
576 4102 747 4167 necessarii.
786 4101 886 4179 Quare
901 4103 1013 4167 iterum
1027 4102 1248 4182 concludimus,
1263 4115 1366 4170 actum

261 4215 321 4279 Dei
335 4222 370 4279 ut
391 4215 520 4280 liberum
535 4214 621 4279 nullo
644 4213 735 4278 modo
750 4213 870 4298 concipi
885 4236 973 4299 posse
987 4214 1047 4279 nisi
1062 4223 1097 4279 ut
1120 4216 1366 4282 terminationem

260 4335 347 4392 aetus
371 4325 466 4390 divini
489 4326 528 4390 ad
550 4336 643 4406 extra,
659 4326 691 4390 id
714 4335 760 4390 eet
781 4325 819 4390 ad
843 4324 956 4408 aliquid
977 4348 1041 4410 quo
1056 4325 1143 4391 Deus
1164 4327 1253 4392 nullo
1275 4329 1366 4394 modo
