3212 4986
223 375 293 420 car.
310 357 380 441 rm]
690 379 732 424 on
749 381 825 424 nno.
1282 364 1324 425 59

223 549 254 605 et
278 542 443 606 terminum
470 543 616 609 eiusdem.
662 544 767 623 Quum
797 544 879 608 enim
900 544 986 609 Deus
1011 545 1111 610 videat
1137 545 1323 610 voluntatem

225 661 355 717 creatam
371 663 407 718 ut
423 655 625 720 imitationem
641 679 703 722 suae
718 657 893 736 voluntatis,
910 665 940 721 et
955 656 1126 722 libertatem
1142 666 1272 722 creatam
1290 666 1326 720 ut

224 767 485 851 participationem
502 791 565 832 suae
579 768 739 849 libertatis,
753 768 843 834 debet
856 791 978 855 quoque
987 769 1088 834 videre
1102 770 1135 833 in
1150 778 1221 834 actu
1235 769 1326 834 liber-

223 877 296 941 tatis
318 887 425 944 creatae
447 880 587 944 eumdem
612 880 751 945 ordinem
773 880 1043 965 cognoscibilitatis
1067 903 1101 946 ac
1122 881 1156 944 in
1177 890 1248 945 actu
1263 903 1326 945 suae

223 987 383 1053 libertatis.
427 990 512 1076 Ergo
527 1013 590 1055 non
612 992 682 1056 ideo
696 993 776 1057 actio
796 991 893 1086 libera
907 1001 1055 1057 creaturae
1070 991 1137 1071 erit,
1153 991 1225 1077 quia
1239 991 1326 1057 Deus

225 1099 311 1164 scivit
326 1100 410 1164 illam
425 1100 499 1181 fore,
516 1102 569 1166 sed
584 1103 651 1168 ideo
666 1102 753 1168 Deus
768 1103 825 1168 scit
840 1127 906 1168 eam
921 1103 996 1182 fore,
1013 1103 1084 1188 quia
1099 1103 1165 1167 erit.

269 1211 338 1275 Hoc
353 1212 455 1296 ipsum
472 1213 559 1278 facile
574 1215 705 1279 infertur
719 1237 755 1278 ex
770 1215 807 1279 iis
822 1236 893 1300 quae
905 1237 997 1299 supra
1009 1214 1141 1279 diximus
1152 1213 1326 1279 descientia

225 1323 432 1388 conditionata
458 1327 501 1406 (n.
518 1327 582 1408 57)
592 1351 603 1404 3
641 1349 713 1390 nam
736 1326 989 1404 conditionatum,
1012 1326 1112 1412 posita
1140 1324 1325 1404 conditione,

225 1434 336 1498 transit
353 1434 385 1498 in
404 1435 543 1500 absolute
564 1437 715 1502 saturum.
761 1437 822 1502 Sed
843 1438 1011 1523 propositio
1033 1436 1241 1502 conditionata
1263 1459 1326 1501 non

225 1545 292 1609 ideo
307 1568 378 1610 vera
399 1557 445 1611 est
467 1547 659 1633 quiescitur,
675 1549 729 1613 sed
743 1549 812 1614 ideo
826 1559 873 1614 est
889 1549 1011 1631 scibilis,
1027 1550 1100 1635 quia
1113 1571 1192 1614 vera.
1238 1549 1324 1614 Idem

225 1680 297 1742 ergo
313 1659 476 1724 dicendum
492 1660 530 1724 de
545 1660 684 1725 absolute
698 1661 820 1726 futuris.
864 1661 916 1726 Ad
929 1662 997 1727 haec
1016 1684 1128 1726 nomen
1148 1661 1250 1746 ipsum
1267 1663 1325 1725 sci·

201 1773 308 1854 ,entim
329 1773 460 1851 visionis
476 1781 512 1836 ut
534 1771 661 1837 adnotat
682 1773 714 1837 S.
730 1772 874 1854 Thomas,
890 1773 1049 1838 confirmat
1071 1772 1154 1857 quod
1177 1771 1325 1838 dicimus:

224 1881 299 1945 visio
310 1883 392 1947 enim
408 1905 471 1947 non
486 1884 559 1948 facit
571 1907 661 1948 suum
672 1884 825 1949 obiectum
837 1907 911 1963 esse,
924 1884 978 1949 sed
989 1884 1136 1969 supponit
1150 1882 1229 1947 illud
1240 1905 1324 1960 esse;

224 1994 344 2059 sienim
361 2018 424 2059 non
440 1997 556 2060 sitnon
571 1997 684 2082 poterit
699 1997 803 2062 videri.

268 2104 380 2186 Quare,
401 2106 473 2172 data
494 2108 596 2193 aliqua
618 2109 824 2193 propositione
846 2109 931 2174 dere
953 2108 1090 2173 absolute
1104 2108 1219 2187 futura,
1233 2131 1262 2172 v.
1277 2130 1324 2192 gr.

226 2219 336 2282 Petrus
350 2221 381 2282 in
396 2219 455 2283 illis
470 2221 616 2284 adiunctis
634 2222 781 2285 Christum
795 2223 922 2305 nepulit,
938 2220 963 2284 si
979 2231 1133 2306 quaeratur
1149 2241 1202 2283 our
1221 2219 1324 2303 potius

225 2332 264 2394 sit
285 2355 366 2411 vera,
389 2354 481 2416 quam
503 2332 588 2412 salsa,
607 2333 678 2398 duae
699 2332 799 2396 afferri
813 2341 942 2418 possunt
962 2333 1192 2416 responsiones:
1223 2333 1322 2416 primo

225 2452 325 2526 potest
341 2443 405 2507 dari
420 2444 497 2508 ratio
506 2445 647 2529 formalis
660 2446 803 2524 veritatis,
819 2467 889 2529 quae
904 2452 950 2508 est
964 2444 1030 2529 ipsa
1044 2443 1149 2508 futura
1164 2443 1324 2508 existentia

223 2554 329 2620 liberae
345 2555 606 2620 determinationis
615 2555 698 2620 Petri
713 2555 751 2620 ad
766 2554 942 2639 negandum
953 2553 1120 2635 Christum,
1136 2578 1197 2640 qua
1211 2555 1321 2639 posita,

223 2666 391 2750 propositio
412 2667 447 2730 fit
470 2667 636 2731 formaliter
653 2690 732 2747 vera,
755 2667 828 2753 quia
849 2667 989 2731 enuntiat
1011 2667 1094 2752 quod
1116 2675 1173 2731 est.
1217 2666 1324 2730 Potest

225 2775 359 2840 secundo
382 2777 468 2841 reddi
490 2777 567 2841 ratio
588 2779 749 2842 materialis
768 2780 911 2856 veritatis,
927 2801 998 2863 quae
1019 2787 1065 2842 est
1083 2778 1194 2862 positio
1213 2777 1322 2843 talium

225 2888 439 2952 adiuncturum
455 2889 668 2954 circaPetrum
683 2889 847 2954 habentem
863 2889 989 2974 liberam
999 2889 1188 2953 voluntatem
1204 2897 1235 2952 et
1251 2911 1323 2954 con·

225 3021 349 3064 cursum
358 2999 418 3064 Dei
432 3009 573 3084 paratum
584 3001 624 3065 ad
638 3009 742 3064 actum
756 3001 927 3088 physicum,
940 3023 1000 3085 quo
1012 2999 1171 3065 Christum
1187 2999 1322 3085 negabit.

226 3112 316 3176 Hanc
334 3111 481 3176 rationem
503 3112 605 3197 plures
620 3121 729 3178 vocant
749 3113 902 3192 causalem,
918 3113 971 3176 sed
993 3135 1056 3177 non
1077 3112 1150 3177 satis
1166 3121 1324 3192 accurate;

225 3232 256 3288 et
272 3223 370 3288 multo
386 3224 494 3289 melius
509 3224 621 3289 dicitur
635 3225 805 3289 cauteriatis.
838 3224 947 3308 Neque
958 3223 1038 3288 enim
1051 3224 1187 3288 continet
1198 3223 1326 3288 causali-

226 3343 322 3399 tatem
345 3336 586 3415 determinatam,
611 3336 665 3400 sed
685 3335 907 3400 indifferentem
930 3335 968 3398 ad
991 3334 1167 3419 negandum
1189 3334 1238 3399 vel
1262 3356 1325 3399 non

227 3446 403 3530 negandum
416 3445 574 3511 Christum
585 3473 594 3526 3
618 3445 701 3532 quod
712 3456 814 3511 autem
827 3454 873 3511 est
885 3446 984 3510 adhuc
995 3445 1223 3510 determinabile
1235 3446 1327 3510 habet

228 3581 260 3622 se
273 3567 309 3622 ut
325 3557 469 3622 materia:
493 3558 714 3622 determinatur
728 3558 810 3622 enim
829 3580 884 3643 per
903 3555 1020 3643 aliquid
1038 3557 1156 3622 habens
1176 3557 1326 3622 rationem

226 3669 344 3735 formae.
391 3670 494 3746 Quum
518 3670 614 3754 igitur
634 3669 692 3734 hoc
714 3669 797 3754 quod
819 3677 865 3733 est
887 3691 999 3752 negare
1017 3668 1175 3733 Christum
1193 3668 1241 3732 vel
1263 3691 1326 3733 non

226 3803 338 3866 negare
354 3781 485 3867 pendeat
499 3781 587 3845 unice
603 3791 773 3866 arespectu
787 3803 880 3866 quem
895 3780 1034 3844 voluntas
1048 3779 1143 3843 libera
1158 3779 1231 3843 lacit
1246 3779 1327 3844 inter

225 3917 317 3959 suum
333 3904 436 3959 actum
450 3904 481 3959 et
495 3895 659 3974 obiectum,
675 3893 707 3958 id
722 3902 768 3957 est
783 3916 801 3956 a
821 3893 941 3958 formali
959 3901 1045 3958 actus
1063 3893 1326 3973 determinatione,

227 4007 329 4070 omnia
349 4028 421 4091 quae
439 4005 519 4070 hanc
539 4005 823 4070 determinationem
843 4003 1021 4088 praecedunt
1040 4003 1155 4068 habent
1177 4004 1327 4070 rationem

225 4118 371 4197 materiae,
383 4126 414 4182 et
429 4127 583 4203 respectus
598 4116 784 4182 avoluntate
792 4116 937 4180 inductus
946 4114 1038 4180 habet
1046 4115 1197 4180 rationem
1208 4115 1326 4181 formae.

229 4229 306 4295 Haec
328 4238 431 4294 autem
454 4229 556 4294 omnia
571 4229 669 4294 valent
688 4228 811 4313 quando
827 4228 929 4312 agitur
943 4227 981 4291 de
995 4227 1061 4312 ipsa
1076 4227 1219 4292 volitione
1233 4227 1329 4292 libera

227 4349 368 4420 tantum;
392 4364 463 4405 nam
479 4363 585 4405 omnes
599 4350 686 4406 actus
702 4340 763 4404 sive
778 4338 901 4418 interni,
918 4338 979 4403 sive
994 4338 1110 4402 externi
1125 4360 1161 4402 ex
1180 4338 1238 4403 hac
1254 4339 1327 4402 voli·
