3240 4986
264 375 328 438 102
720 393 762 437 nu
779 392 910 436 nunno.
1224 369 1309 453 [cnr.
1326 389 1368 432 ιι.

262 555 363 641 prima
373 556 584 641 preexistente
597 564 629 620 et
643 554 785 621 increata.
831 553 892 620 Sed
905 553 963 618 hoc
977 559 1025 618 est
1036 558 1142 617 contra
1152 551 1366 636 theologorum

265 687 392 733 sensum
406 675 438 734 et
452 666 632 734 doctrinam.
676 666 770 751 llrgo.

311 779 493 865 Respondeo
502 780 633 865 rependo
647 781 838 864 mppoeitum.
883 775 1016 842 Materia
1029 775 1129 861 prima
1142 782 1189 840 est
1202 795 1280 861 pura
1294 796 1369 859 prae-

268 890 343 954 cisio
365 889 517 971 mentalis,
531 912 594 976 qua
615 889 825 955 consideratur
845 911 904 953 aon
927 911 978 952 erra
999 886 1058 952 suh
1077 887 1194 952 ratione
1212 884 1369 951 cuiusdam

269 999 457 1088 privationis,
467 1023 521 1066 seu
535 1021 607 1066 cum
621 999 802 1065 habitudine
818 999 858 1064 ad
872 998 938 1064 lieri
952 997 1117 1063 terminum
1132 997 1232 1061 entis.
1254 1004 1286 1061 et
1300 994 1368 1060 ideo

263 1103 398 1178 materia
412 1113 511 1200 prima
532 1119 568 1178 nt
582 1112 681 1199 prima
695 1132 753 1176 nec
766 1119 824 1190 est,
838 1132 895 1175 nec
916 1117 963 1175 est
977 1117 1086 1188 creata,
1101 1130 1157 1173 nec
1171 1115 1218 1173 est
1235 1105 1372 1172 creabilis

273 1225 379 1310 (immo
390 1247 447 1291 nec
461 1223 675 1310 cognoscibilis
690 1222 858 1289 secundum
872 1244 915 1302 se,
926 1229 963 1286 ut
977 1230 1058 1287 recte
1069 1221 1157 1286 docet
1169 1220 1202 1286 S
1212 1218 1372 1302 Thomas).

270 1345 302 1403 et
316 1345 538 1422 consequenter
551 1358 615 1400 non
629 1342 676 1401 est
690 1334 793 1420 aliqua
806 1333 927 1399 realiter
941 1356 978 1398 ex
991 1355 1062 1419 qua,
1077 1343 1235 1418 tamquam
1248 1353 1286 1395 ex
1300 1329 1372 1394 sub-

271 1448 360 1528 iecto,
376 1447 492 1533 aliquid
514 1447 598 1512 aliud
612 1447 780 1512 educatura
802 1445 875 1510 etsi
894 1444 933 1510 ab
955 1445 1100 1530 eo,=quod
1114 1444 1226 1509 dicitur
1247 1442 1374 1508 materia

273 1560 381 1644 prima,
401 1559 529 1625 tollatur
550 1567 706 1644 respectus
731 1557 896 1643 privativus
917 1579 972 1642 per
994 1564 1129 1622 mentem
1154 1556 1309 1636 inductus,
1326 1577 1374 1620 re·

274 1670 410 1736 mauebit
435 1692 547 1756 purum
571 1669 650 1735 nihil
675 1669 861 1734 absolutum.
906 1669 1012 1745 Quum
1034 1668 1131 1754 igitur
1155 1667 1287 1732 nihilum
1310 1689 1373 1732 non

273 1781 385 1847 habeat
400 1780 601 1861 existentiam,
615 1781 729 1846 falsum
746 1781 930 1866 supponitur
943 1778 1107 1844 tribuendo
1121 1779 1255 1844 materie
1267 1779 1375 1863 primae

275 1891 541 1978 praeexistentiam.
586 1892 653 1956 Iam
667 1913 739 1957 vero
753 1892 888 1956 mundrm
902 1913 939 1956 ex
953 1890 1051 1956 nihilo
1064 1891 1193 1956 eductus
1208 1890 1329 1971 dieitur,
1344 1885 1386 1955 et¹

276 2027 339 2068 non
360 2025 398 2068 ex
413 2003 539 2068 materie
552 2003 650 2090 prima
658 2029 669 2083 3
690 2025 763 2067 nam
777 2003 903 2068 materia
924 2002 1023 2087 prima
1036 2024 1054 2066 a
1076 2000 1270 2086 quibusdam,
1284 2025 1313 2066 v.
1329 2023 1376 2086 gr.

276 2139 294 2181 a
310 2116 462 2195 Suaresio,
471 2116 641 2200 concipitur
655 2122 813 2201 tamquam
827 2114 943 2179 habens
958 2113 1083 2199 aliquod
1096 2135 1162 2178 esse
1176 2113 1254 2178 reale
1269 2113 1375 2178 saltem

276 2227 448 2294 inchoativa
456 2254 466 2307 ς
488 2228 572 2292 etsie
587 2226 693 2313 siquis
707 2227 766 2292 hoe
777 2226 868 2292 modo
879 2207 1037 2290 materiam
1051 2225 1181 2312 primam
1193 2224 1376 2305 admitteret,

279 2340 344 2405 sine
360 2339 454 2404 dubio
475 2338 599 2404 deberet
613 2361 725 2424 ponere
745 2360 813 2403 cam
827 2337 921 2402 husae
935 2346 1085 2403 creatam:
1107 2344 1139 2401 et
1153 2345 1228 2401 tunc
1243 2337 1378 2402 muudus

277 2451 386 2516 fuisset
396 2473 460 2516 non
471 2450 603 2535 amplius
613 2459 742 2529 creatus,
754 2449 808 2514 sed
818 2449 1005 2533 compositus
1013 2471 1049 2514 ac
1059 2456 1223 2534 generatus
1233 2471 1269 2514 ex
1280 2457 1379 2514 creata

279 2562 414 2627 materia.
460 2560 521 2627 sed
539 2569 697 2626 ostensum
715 2568 762 2626 est
780 2561 813 2625 in
828 2568 960 2625 tractatu
979 2559 1139 2645 deprimis
1158 2559 1316 2645 principiis
1332 2561 1377 2644 (n.

279 2676 413 2757 21-27),
427 2673 507 2738 hanc
529 2673 711 2738 sententiam
734 2694 798 2736 non
816 2694 906 2758 posse
923 2671 1063 2737 admitti:
1085 2681 1117 2737 et
1134 2672 1178 2737 sic
1199 2673 1253 2758 qui
1272 2695 1378 2737 venum

279 2784 414 2850 materiae
432 2783 539 2868 primae
556 2791 737 2868 conceptum
759 2782 874 2846 hahent
893 2804 956 2846 nou
976 2782 1197 2868 impedirentur
1215 2783 1254 2849 ab
1268 2782 1379 2848 admit-

280 2894 374 2960 tendo
388 2895 473 2981 quod
490 2885 625 2961 mundus
639 2915 676 2959 ex
690 2893 816 2958 materia
833 2893 941 2979 prima,
957 2915 1011 2958 scu
1025 2916 1062 2958 ex
1083 2894 1181 2959 nihilo
1199 2903 1235 2959 ut
1249 2895 1380 2960 termino

281 3005 557 3092 compossibilia,
583 3005 712 3071 eductus
741 3013 832 3071 esset.
877 3005 939 3070 Sed
967 3005 1151 3070 considerari
1181 3007 1271 3072 debet
1300 3008 1382 3093 quod

281 3117 414 3183 nihilum
438 3116 538 3201 magis
566 3124 651 3201 patet
674 3139 766 3202 quam
796 3115 923 3181 materia
950 3116 1068 3202 prima,
1095 3117 1167 3202 quia
1195 3119 1287 3183 etiam
1310 3119 1382 3184 sub-

283 3229 397 3296 stantia
418 3227 594 3313 spiritualis,
610 3228 643 3291 in
665 3250 726 3313 qua
746 3250 811 3292 non
832 3236 878 3292 est
900 3227 1036 3308 materia,
1050 3228 1191 3294 educitur
1212 3252 1248 3294 ex
1265 3231 1361 3295 nihilo
1372 3256 1383 3310 ς

283 3350 314 3407 et
329 3339 448 3406 eiciam
462 3348 541 3404 esset
554 3339 770 3404 inconveniens
789 3340 887 3405 dicere
901 3339 985 3426 quod
998 3340 1098 3405 omnis
1113 3349 1249 3407 creatura
1262 3343 1315 3408 fiat
1330 3364 1385 3428 per

284 3452 478 3518 eductionem
498 3473 536 3515 ex
556 3451 684 3516 materia
703 3451 812 3536 prima.
858 3451 939 3516 Item
959 3452 1213 3519 considerandum
1233 3464 1280 3520 eat
1301 3456 1384 3541 quod

285 3584 398 3628 nomen
411 3560 546 3625 materiae
559 3561 666 3646 primae
680 3560 754 3626 dicit
773 3585 832 3626 aon
846 3585 896 3626 ene
903 3565 1093 3646 privativum,
1108 3563 1141 3628 id
1158 3573 1204 3630 eat
1220 3567 1384 3632 terminum

285 3671 482 3762 potentialem
503 3672 663 3738 cuiusdam
677 3681 763 3738 actus
781 3673 874 3759 primi
887 3681 924 3738 ut
945 3674 1097 3758 privatum
1120 3677 1176 3740 suo
1192 3685 1263 3741 actu
1277 3687 1309 3742 et
1331 3703 1386 3744 sua

286 3783 397 3852 actuali
411 3783 527 3849 ratione
537 3783 722 3848 terminandi
730 3809 741 3864 3
761 3793 867 3850 contra
880 3784 1013 3849 nihilum
1028 3785 1201 3850 absolutum
1217 3809 1280 3853 non
1295 3789 1386 3856 hahet

287 3899 325 3963 de
340 3920 372 3962 se
383 3895 476 3961 talem
491 3895 737 3962 connotationem
751 3897 940 3982 privativam,
953 3897 1006 3962 sed
1020 3919 1087 3962 cam
1102 3898 1231 3984 acquirit
1246 3923 1300 3986 per
1314 3924 1385 3968 oon·

286 4017 410 4094 ceptum
431 4015 582 4087 nostrum,
597 4029 659 4092 quo
676 4007 835 4073 referimus
853 4030 917 4073 non
938 4031 994 4074 ens
1008 4009 1047 4074 ad
1068 4031 1134 4075 ens.
1177 4010 1264 4076 Deus
1285 4021 1387 4079 autem

284 4142 348 4186 uon
369 4119 474 4184 eduxit
487 4140 536 4183 res
549 4141 586 4182 ex
607 4117 704 4183 nihilo
718 4141 773 4204 per
792 4128 973 4205 conceptum
996 4128 1137 4186 nostrum
1151 4121 1297 4206 privative
1315 4147 1387 4190 con·

285 4231 426 4309 siderate,
438 4229 491 4294 aed
506 4227 653 4296 err-nihilo
667 4229 808 4298 absoluto
822 4239 853 4295 et
868 4253 904 4295 ex
919 4253 982 4296 non
996 4239 1067 4296 ente
1082 4231 1270 4317 simpliciter.
1294 4235 1385 4301 Unde

285 4341 455 4428 quamvisa
476 4349 562 4426 parte
575 4341 620 4406 rei
639 4343 765 4410 materia
787 4343 885 4427 prima
899 4344 939 4408 sit
961 4366 1073 4428 purum
1089 4344 1178 4424 nihil,
1198 4354 1301 4412 tamen
1323 4321 1387 4413 non
