3186 4982
292 375 359 440 254
620 392 777 437 snnxuns
794 391 834 438 ar
850 391 1070 437 exnunsxns.
1265 371 1355 456 [von.
1374 391 1400 435 r.

290 555 394 613 tionem
405 557 441 613 ad
453 556 613 612 mutandum
625 557 671 612 ubi
678 577 685 612 z
712 558 830 614 secundo
841 575 889 630 pro
903 565 966 614 ectu
977 575 1032 629 qno
1043 557 1144 612 mobile
1155 556 1218 612 fluit
1229 575 1277 630 per
1290 574 1400 612 succes-

289 643 361 700 sivus
382 644 557 713 ubicatienes,
583 643 711 716 aquibus
730 645 881 701 successive
901 645 1090 700 denominatur
1110 645 1191 699 aliter
1217 647 1252 712 et.
1265 644 1345 699 aliter
1367 661 1397 698 se

289 731 391 788 babens
411 732 556 786 extrinsece.
593 731 686 786 Motus
705 749 769 804 ergo
786 732 857 788 elius
877 731 1002 787 consistit
1017 731 1046 785 in
1064 731 1170 805 proprie
1187 723 1261 786 dicta
1271 731 1400 803 passione

289 817 397 872 mobilis
406 818 554 874 secundum
566 817 651 889 ipsius
663 818 812 886 materiam,
825 823 853 872 et
865 817 972 890 proprie
989 817 1089 872 dicitur
1105 823 1275 872 momentum
1286 824 1398 872 motus:

288 903 359 958 alius
379 903 504 958 consistit
522 903 552 958 in
569 904 686 975 quadam
705 903 760 958 alia
779 904 902 976 passione
919 903 1064 976 improprie
1081 904 1163 972 dicta,
1180 921 1230 958 sen
1247 905 1399 959 secundum

288 991 374 1045 solam
386 988 567 1045 ubicaticnem
578 991 701 1046 eiusdem
713 990 841 1045 materiae.
885 989 993 1044 Dicitur
1010 990 1083 1045 enim
1101 989 1221 1045 ubicatio
1233 991 1290 1064 pati
1302 996 1399 1045 mute·

288 1077 399 1144 tionem,
412 1077 479 1132 dum
489 1078 522 1130 fit
533 1077 663 1131 transitus
675 1076 708 1131 de
720 1094 774 1130 uno
791 1077 837 1130 ubi
847 1077 880 1131 ad
893 1077 977 1146 aliud,
989 1077 1054 1131 licet
1073 1076 1192 1131 ubicatio
1213 1094 1269 1130 non
1282 1077 1317 1131 sit
1328 1076 1399 1131 sub-

288 1163 390 1219 iectum
410 1162 464 1217 nisi
484 1163 642 1218 extrinsecae
662 1163 890 1218 denominationis
901 1181 990 1232 novae,
1008 1163 1073 1235 quia
1085 1167 1127 1217 est
1145 1162 1298 1218 subiectum
1310 1163 1399 1217 solius

288 1249 428 1304 relationis
446 1250 613 1305 extrinsecis.
650 1249 743 1304 Motus
764 1250 810 1305 hie
827 1251 962 1306 secundus
973 1251 1079 1322 proprie
1090 1249 1192 1306 dicitur
1203 1257 1286 1304 motus
1298 1251 1397 1304 boalia

290 1336 360 1390 Dico
378 1335 470 1408 igitur,
483 1339 587 1390 motum
607 1335 722 1390 localem
740 1352 797 1390 esse
816 1335 994 1391 essentialiter
1013 1335 1197 1392 evolutionem
1217 1336 1262 1392 vel
1282 1353 1399 1408 genera·

290 1423 395 1478 tionem
406 1421 512 1477 extensi
525 1438 559 1476 ex
570 1421 686 1491 intenso,
699 1439 747 1476 seu
759 1439 817 1477 esse
829 1428 929 1491 actum,
942 1440 996 1494 quo
1008 1422 1151 1477 intensites
1163 1422 1295 1477 momenti
1302 1427 1398 1478 motus

288 1509 424 1566 evolvitur
435 1508 584 1564 secundum
592 1507 778 1564 extensionem
789 1510 954 1565 continuam.
1000 1509 1083 1564 Ratio
1097 1515 1146 1579 est,
1163 1510 1228 1582 quie
1245 1511 1316 1565 actio
1334 1529 1399 1565 mo-

288 1595 376 1651 ventis
385 1594 466 1648 habet
475 1611 530 1648 non
541 1594 630 1648 solum
638 1594 833 1664 intensitatem,
844 1595 980 1651 sedetiam
986 1595 1162 1651 directionem
1170 1596 1397 1652 determinatam:

287 1680 359 1736 unde
372 1685 414 1735 est
425 1679 498 1751 quod
510 1679 610 1735 mobile
623 1679 690 1734 dum
707 1681 804 1754 recipit
815 1687 985 1737 momentum
995 1686 1086 1736 motus
1099 1683 1188 1754 quoad
1199 1681 1397 1750 intensitatem,

286 1765 383 1838 recipit
392 1765 476 1820 etiam
488 1765 679 1820 directionem:
706 1783 790 1838 quam
801 1783 887 1838 quum
899 1767 1022 1839 sequitur
1034 1766 1112 1838 (nam
1131 1766 1208 1838 sequi
1224 1768 1302 1822 illam
1313 1767 1399 1822 debet

286 1853 321 1909 ob
332 1869 410 1907 suam
422 1850 633 1907 indifferentiam
650 1852 684 1907 ad
702 1871 781 1908 omne
798 1854 865 1925 ubi),
878 1852 1021 1908 intensitas
1038 1853 1170 1908 momenti
1188 1853 1289 1908 dicitur
1304 1854 1398 1909 evolvi

286 1939 436 1996 successive
449 1939 598 1994 secundum
615 1939 801 1994 extensionem
818 1940 940 1995 localem.
977 1940 1031 1994 Est
1048 1957 1110 2011 ergo
1123 1945 1214 1994 motus
1226 1941 1398 1996 localisevo·

286 2026 356 2082 lutio
369 2025 535 2080 intensitatis
547 2024 577 2078 in
589 2025 784 2080 extensionem.

322 2113 388 2182 Pop.
401 2112 461 2168 307.
476 2111 519 2165 lin.
534 2112 577 2165 23.
595 2110 715 2165 materiae
728 2111 794 2164 adde
805 2110 947 2165 cuiusdam

322 2199 391 2254 Ibid.
404 2199 448 2252 tin.
462 2197 505 2252 24.
523 2197 658 2252 rationem
669 2197 736 2250 adde
746 2197 890 2251 cuiusdam

322 2287 387 2356 Pap.
400 2285 461 2340 308.
474 2285 518 2338 lin.
532 2283 610 2338 5-17.
652 2283 699 2338 Ad
718 2283 884 2338 reddendam
916 2281 1051 2337 rationem
1070 2321 1184 2337 .....
1202 2281 1403 2337 intensitatem-

286 2371 411 2433 actionis.
449 2371 515 2426 Delo
525 2371 673 2424 bectotans

321 2459 387 2529 Pop.
401 2459 461 2513 812.
476 2458 520 2512 lin.
532 2457 575 2511 31.
595 2455 730 2510 influxum
742 2457 808 2509 addc
819 2455 976 2511 ulteriorem

322 2546 392 2600 Ilici.
405 2544 449 2600 lic.
462 2544 506 2598 ult.
526 2542 661 2598 influxum
672 2543 738 2596 adde
749 2542 907 2597 ulteriorem

322 2632 388 2702 Pap.
402 2631 461 2685 315.
475 2631 519 2684 lin.
532 2629 610 2683 3-15.
630 2629 766 2683 Praeterea
784 2627 868 2682 etiam
884 2627 1047 2699 negligendo
1066 2665 1179 2683 .....
1198 2644 1256 2682 esse
1270 2628 1393 2682 infinite-

287 2715 363 2770 sima
400 2715 467 2770 Delo
477 2715 626 2768 loctotum.

322 2804 387 2873 Pap.
401 2802 461 2856 316.
475 2801 556 2855 tint.
576 2800 730 2868 rectilinea3
749 2800 850 2870 corripe
863 2798 1040 2867 rectilinea⁸3
1059 2805 1084 2852 et
1102 2799 1167 2852 adde
1182 2805 1272 2852 notem
1286 2817 1393 2870 eeqeeen-

286 2896 352 2944 tem:
373 2891 387 2919 *⁸
400 2888 470 2944 Haec
487 2887 637 2959 propositio
652 2904 707 2941 non
724 2885 884 2942 contradicit
901 2884 936 2938 iis
954 2900 1014 2956 quae
1033 2884 1154 2939 diximus
1171 2884 1201 2938 in
1223 2890 1342 2940 tractatu
1358 2886 1393 2940 de

287 2973 439 3029 substantie
450 2989 577 3044 corporea
587 2973 626 3044 (n.
638 2972 686 3044 15)
696 2976 789 3026 contra
800 2970 984 3026 Goudinium:
1002 2969 1042 3023 ibi
1054 2970 1128 3024 enim
1140 2969 1270 3042 agebatur
1281 2971 1315 3025 de
1327 2988 1394 3026 con·

286 3059 415 3114 tinuitate
432 3057 562 3127 materies,
575 3075 636 3129 quae
653 3058 677 3113 ei
698 3059 814 3127 deretur,
826 3062 898 3112 esset
914 3057 1037 3126 actualis,
1051 3061 1080 3111 et
1096 3057 1274 3113 constitueret
1291 3057 1393 3129 aliquid

286 3145 431 3214 staticum3
449 3145 495 3200 hic
509 3160 574 3199 vero
594 3143 685 3216 agitm
702 3144 736 3199 de
757 3145 830 3199 linea
847 3143 984 3213 continua,
996 3160 1059 3215 quae
1077 3161 1132 3198 non
1150 3147 1194 3198 est
1209 3143 1333 3215 materia,
1345 3144 1393 3198 sed

285 3230 433 3303 vestigium
453 3246 470 3284 a
489 3228 568 3283 nobis
587 3229 766 3301 imaginatum
781 3235 873 3286 motus
891 3229 1046 3298 successivi,
1066 3229 1145 3285 cuius
1165 3229 1331 3285 continuitas
1351 3234 1395 3285 cst

286 3316 430 3390 dynamica
441 3320 470 3370 et
479 3314 636 3388 potentialis
648 3319 764 3370 tantum.

322 3401 461 3473 109327.
476 3401 519 3456 lin.
532 3400 558 3469 6,
571 3400 596 3455 7.
615 3399 747 3456 Extensio
766 3417 891 3474 corporea
905 3406 948 3456 est
963 3399 1103 3474 occupatio
1119 3401 1201 3474 spatii
1219 3419 1268 3474 per
1288 3405 1393 3457 motum

286 3488 464 3547 vibratorium
486 3487 600 3558 (11.106,
619 3486 684 3558 107)
707 3488 808 3558 corripe
828 3487 961 3542 Extensic
984 3492 1027 3542 est
1044 3487 1174 3542 continua
1194 3493 1224 3543 et
1246 3489 1391 3561 dupliciter

286 3576 373 3650 accipi
384 3579 482 3649 potest,
495 3573 591 3631 statice
603 3579 632 3628 et
644 3573 786 3645 dynamice
799 3574 839 3645 (n.
851 3573 988 3644 106-103)

324 3663 394 3717 Itid.
409 3662 453 3716 ὶίη.
466 3661 491 3714 8.
510 3660 649 3715 Notantnr
671 3659 750 3731 plura
772 3658 844 3714 circa
867 3658 1053 3715 extensionem
1079 3659 1270 3731 (1.106-111)
1295 3661 1395 3732 conice

287 3748 420 3804 Extensic
432 3764 573 3819 corporum
584 3750 627 3801 est
637 3745 746 3800 realitas
758 3763 793 3800 ex
805 3750 864 3800 toto
875 3743 1034 3818 potentialis
1048 3744 1089 3815 (n.
1103 3745 1177 3817 110).

322 3835 476 3891 Extensum
488 3835 609 3905 occupet,
622 3849 677 3888 non
688 3831 785 3904 implet
797 3831 917 3904 spatium
930 3832 968 3903 (n.
984 3831 1057 3902 111).

519 4067 521 4074 '
604 4063 646 4117 IN
665 4060 842 4116 SECUNDO
859 4059 1071 4115 VOLUMINEl

322 4185 359 4238 In
365 4183 525 4257 praesctt'one
530 4200 594 4252 pay.
607 4179 665 4237 viii.
678 4180 722 4234 lim
736 4179 760 4234 7.
779 4177 1012 4235 concordaturum.
1026 4179 1126 4249 corripe
1136 4195 1334 4236 consensurum.

321 4270 386 4340 ch.
399 4271 424 4324 9.
438 4270 482 4324 lin.
498 4269 521 4324 1.
541 4273 617 4323 actm
629 4265 727 4321 amoris
739 4265 838 4335 corripe
849 4269 925 4320 octus
938 4265 1036 4320 amoris
1043 4267 1057 4296 ⁶
1071 4273 1095 4320 et
1107 4266 1174 4320 adde
1184 4271 1275 4321 cotom
1284 4284 1391 4338 reptem

286 4362 353 4410 um:
380 4357 394 4386 ⁶
407 4355 470 4410 Etsi
487 4372 529 4410 res
549 4355 582 4408 de
603 4371 632 4408 se
652 4351 781 4422 loquitur,
802 4351 881 4422 cupio
902 4355 994 4406 tamen
1015 4365 1123 4406 monere
1144 4351 1279 4424 explicite,
1299 4357 1392 4409 ectum
