<?xml version="1.0" encoding="UTF-8"?>
<!DOCTYPE html PUBLIC "-//W3C//DTD XHTML 1.0 Transitional//EN"
    "http://www.w3.org/TR/xhtml1/DTD/xhtml1-transitional.dtd">
<html xmlns="http://www.w3.org/1999/xhtml" xml:lang="en" lang="en">
 <head>
  <title>
</title>
<meta http-equiv="Content-Type" content="text/html;charset=utf-8" />
  <meta name='ocr-system' content='tesseract 3.04.00' />
  <meta name='ocr-capabilities' content='ocr_page ocr_carea ocr_par ocr_line ocrx_word'/>
</head>
<body>
  <div class='ocr_page' id='page_1' title='image "./realisphilosoph01baymgoog_0263.png"; bbox 0 0 3186 4982; ppageno 0'>
   <div class='ocr_carea' id='block_1_1' title="bbox 263 352 1375 434">
    <p class='ocr_par' dir='ltr' id='par_1_1' title="bbox 263 352 1375 434">
     <span class='ocr_line' id='line_1_1' title="bbox 263 352 1375 434; baseline -0.006 -16"><span class='ocrx_word' id='word_1_1' title='bbox 263 357 328 418; x_wconf 80' lang='lat'>248</span> <span class='ocrx_word' id='word_1_2' title='bbox 584 375 744 420; x_wconf 73' lang='grc'><strong>6666666</strong></span> <span class='ocrx_word' id='word_1_3' title='bbox 762 375 802 418; x_wconf 84' lang='lat' dir='ltr'>nr</span> <span class='ocrx_word' id='word_1_4' title='bbox 818 375 1043 419; x_wconf 74' lang='lat' dir='ltr'>nunNnANnA.</span> <span class='ocrx_word' id='word_1_5' title='bbox 1244 352 1333 434; x_wconf 78' lang='lat' dir='ltr'>[von.</span> <span class='ocrx_word' id='word_1_6' title='bbox 1350 371 1375 412; x_wconf 89' lang='lat'>1.</span> 
     </span>
    </p>
   </div>
   <div class='ocr_carea' id='block_1_2' title="bbox 261 537 1371 4414">
    <p class='ocr_par' dir='ltr' id='par_1_2' title="bbox 299 537 1015 611">
     <span class='ocr_line' id='line_1_2' title="bbox 299 537 1015 611; baseline 0.001 -20"><span class='ocrx_word' id='word_1_7' title='bbox 299 538 365 607; x_wconf 70' lang='lat' dir='ltr'>Pap.</span> <span class='ocrx_word' id='word_1_8' title='bbox 380 538 439 592; x_wconf 83' lang='grc'><strong>143.</strong></span> <span class='ocrx_word' id='word_1_9' title='bbox 452 537 496 594; x_wconf 73' lang='lat' dir='ltr'>lin.</span> <span class='ocrx_word' id='word_1_10' title='bbox 509 537 552 592; x_wconf 82' lang='grc'>34,</span> <span class='ocrx_word' id='word_1_11' title='bbox 571 538 748 611; x_wconf 88' lang='lat' dir='ltr'>potentialem</span> <span class='ocrx_word' id='word_1_12' title='bbox 760 539 859 610; x_wconf 58' lang='lat' dir='ltr'>cora-abe</span> <span class='ocrx_word' id='word_1_13' title='bbox 870 538 1015 594; x_wconf 72' lang='lat' dir='ltr'>virtualem</span> 
     </span>
    </p>

    <p class='ocr_par' dir='ltr' id='par_1_3' title="bbox 301 624 1031 697">
     <span class='ocr_line' id='line_1_3' title="bbox 301 624 1031 697; baseline 0.003 -19"><span class='ocrx_word' id='word_1_14' title='bbox 301 625 367 693; x_wconf 70' lang='lat' dir='ltr'>Pap.</span> <span class='ocrx_word' id='word_1_15' title='bbox 381 624 439 678; x_wconf 88' lang='lat'>144.</span> <span class='ocrx_word' id='word_1_16' title='bbox 454 625 497 679; x_wconf 80' lang='lat' dir='ltr'>tin.</span> <span class='ocrx_word' id='word_1_17' title='bbox 511 625 535 680; x_wconf 89' lang='lat'>4.</span> <span class='ocrx_word' id='word_1_18' title='bbox 556 625 746 697; x_wconf 76' lang='lat' dir='ltr'>potentialiter.</span> <span class='ocrx_word' id='word_1_19' title='bbox 760 627 861 696; x_wconf 71' lang='lat' dir='ltr'>amaiqe</span> <span class='ocrx_word' id='word_1_20' title='bbox 872 625 1031 680; x_wconf 69' lang='lat' dir='ltr'>virtualiter.</span> 
     </span>
    </p>

    <p class='ocr_par' dir='ltr' id='par_1_4' title="bbox 265 708 1371 958">
     <span class='ocr_line' id='line_1_4' title="bbox 300 708 1371 785; baseline -0.004 -21"><span class='ocrx_word' id='word_1_21' title='bbox 300 711 369 764; x_wconf 79' lang='lat' dir='ltr'>ibid.</span> <span class='ocrx_word' id='word_1_22' title='bbox 383 710 427 765; x_wconf 80' lang='lat' dir='ltr'>lin.</span> <span class='ocrx_word' id='word_1_23' title='bbox 441 712 465 764; x_wconf 83' lang='lat'>5.</span> <span class='ocrx_word' id='word_1_24' title='bbox 485 729 542 765; x_wconf 86' lang='lat' dir='ltr'>esee</span> <span class='ocrx_word' id='word_1_25' title='bbox 563 711 592 765; x_wconf 93' lang='lat' dir='ltr'>in</span> <span class='ocrx_word' id='word_1_26' title='bbox 613 711 660 766; x_wconf 88' lang='lat' dir='ltr'>ubi</span> <span class='ocrx_word' id='word_1_27' title='bbox 679 716 720 766; x_wconf 85' lang='lat' dir='ltr'>eet</span> <span class='ocrx_word' id='word_1_28' title='bbox 737 713 876 785; x_wconf 90' lang='lat' dir='ltr'>proprium</span> <span class='ocrx_word' id='word_1_29' title='bbox 897 713 998 782; x_wconf 73' lang='lat' dir='ltr'>corripe</span> <span class='ocrx_word' id='word_1_30' title='bbox 1016 727 1074 766; x_wconf 89' lang='grc'><strong>6666</strong></span> <span class='ocrx_word' id='word_1_31' title='bbox 1091 709 1121 764; x_wconf 91' lang='grc'>16</span> <span class='ocrx_word' id='word_1_32' title='bbox 1138 709 1187 764; x_wconf 91' lang='lat' dir='ltr'>ubi</span> <span class='ocrx_word' id='word_1_33' title='bbox 1204 713 1246 763; x_wconf 87' lang='lat' dir='ltr'>est</span> <span class='ocrx_word' id='word_1_34' title='bbox 1265 725 1322 763; x_wconf 87' lang='lat' dir='ltr'>esse</span> <span class='ocrx_word' id='word_1_35' title='bbox 1340 708 1371 760; x_wconf 91' lang='lat' dir='ltr'>in</span> 
     </span>
     <span class='ocr_line' id='line_1_5' title="bbox 265 794 1371 868; baseline -0.002 -18"><span class='ocrx_word' id='word_1_36' title='bbox 265 798 382 867; x_wconf 88' lang='lat' dir='ltr'>quodam</span> <span class='ocrx_word' id='word_1_37' title='bbox 400 802 464 852; x_wconf 90' lang='lat' dir='ltr'>actu</span> <span class='ocrx_word' id='word_1_38' title='bbox 475 798 608 852; x_wconf 88' lang='lat' dir='ltr'>secundo:</span> <span class='ocrx_word' id='word_1_39' title='bbox 626 798 715 852; x_wconf 88' lang='lat' dir='ltr'>virtus</span> <span class='ocrx_word' id='word_1_40' title='bbox 727 805 827 868; x_wconf 87' lang='lat' dir='ltr'>antem,</span> <span class='ocrx_word' id='word_1_41' title='bbox 840 804 872 852; x_wconf 91' lang='lat' dir='ltr'>ut</span> <span class='ocrx_word' id='word_1_42' title='bbox 889 799 937 868; x_wconf 89' lang='lat' dir='ltr'>sic,</span> <span class='ocrx_word' id='word_1_43' title='bbox 949 816 1006 852; x_wconf 91' lang='lat' dir='ltr'>non</span> <span class='ocrx_word' id='word_1_44' title='bbox 1022 802 1064 853; x_wconf 88' lang='lat' dir='ltr'>est</span> <span class='ocrx_word' id='word_1_45' title='bbox 1076 802 1153 852; x_wconf 83' lang='lat' dir='ltr'>ectus</span> <span class='ocrx_word' id='word_1_46' title='bbox 1168 796 1309 864; x_wconf 86' lang='grc'><strong>66666666,</strong></span> <span class='ocrx_word' id='word_1_47' title='bbox 1322 794 1371 848; x_wconf 89' lang='lat' dir='ltr'>sed</span> 
     </span>
     <span class='ocr_line' id='line_1_6' title="bbox 265 883 840 958; baseline 0.005 -22"><span class='ocrx_word' id='word_1_48' title='bbox 265 883 384 955; x_wconf 89' lang='lat' dir='ltr'>primus;</span> <span class='ocrx_word' id='word_1_49' title='bbox 403 901 466 955; x_wconf 86' lang='lat' dir='ltr'>ergo</span> <span class='ocrx_word' id='word_1_50' title='bbox 479 902 536 938; x_wconf 88' lang='lat' dir='ltr'>esse</span> <span class='ocrx_word' id='word_1_51' title='bbox 548 885 577 938; x_wconf 94' lang='lat' dir='ltr'>in</span> <span class='ocrx_word' id='word_1_52' title='bbox 589 884 636 939; x_wconf 91' lang='lat' dir='ltr'>ubi</span> <span class='ocrx_word' id='word_1_53' title='bbox 649 890 691 939; x_wconf 90' lang='lat' dir='ltr'>est</span> <span class='ocrx_word' id='word_1_54' title='bbox 703 886 840 958; x_wconf 91' lang='lat' dir='ltr'>proprium</span> 
     </span>
    </p>

    <p class='ocr_par' dir='ltr' id='par_1_5' title="bbox 301 967 1327 1042">
     <span class='ocr_line' id='line_1_7' title="bbox 301 967 1327 1042; baseline 0 -20"><span class='ocrx_word' id='word_1_55' title='bbox 301 969 370 1022; x_wconf 82' lang='lat' dir='ltr'>Ibid.</span> <span class='ocrx_word' id='word_1_56' title='bbox 384 969 428 1023; x_wconf 83' lang='lat' dir='ltr'>lin.</span> <span class='ocrx_word' id='word_1_57' title='bbox 442 970 467 1023; x_wconf 87' lang='grc'><strong>9.</strong></span> <span class='ocrx_word' id='word_1_58' title='bbox 481 970 534 1024; x_wconf 83' lang='lat' dir='ltr'>sed</span> <span class='ocrx_word' id='word_1_59' title='bbox 545 971 644 1042; x_wconf 66' lang='lat' dir='ltr'>corripe</span> <span class='ocrx_word' id='word_1_60' title='bbox 655 987 740 1042; x_wconf 92' lang='lat' dir='ltr'>quum</span> <span class='ocrx_word' id='word_1_61' title='bbox 752 972 901 1027; x_wconf 89' lang='lat' dir='ltr'>secundum</span> <span class='ocrx_word' id='word_1_62' title='bbox 913 989 942 1026; x_wconf 91' lang='lat' dir='ltr'>se</span> <span class='ocrx_word' id='word_1_63' title='bbox 953 989 1008 1026; x_wconf 91' lang='lat' dir='ltr'>non</span> <span class='ocrx_word' id='word_1_64' title='bbox 1020 970 1119 1025; x_wconf 83' lang='lat' dir='ltr'>lrabeat</span> <span class='ocrx_word' id='word_1_65' title='bbox 1129 970 1172 1024; x_wconf 81' lang='grc'>119</span> <span class='ocrx_word' id='word_1_66' title='bbox 1184 973 1213 1026; x_wconf 91' lang='lat' dir='ltr'>et</span> <span class='ocrx_word' id='word_1_67' title='bbox 1224 969 1267 1039; x_wconf 73' lang='lat' dir='ltr'>et,</span> <span class='ocrx_word' id='word_1_68' title='bbox 1279 967 1327 1022; x_wconf 86' lang='lat' dir='ltr'>sed</span> 
     </span>
    </p>

    <p class='ocr_par' dir='ltr' id='par_1_6' title="bbox 299 1054 1140 1128">
     <span class='ocr_line' id='line_1_8' title="bbox 299 1054 1140 1128; baseline 0.004 -21"><span class='ocrx_word' id='word_1_69' title='bbox 299 1054 368 1108; x_wconf 79' lang='lat' dir='ltr'>Ibid.</span> <span class='ocrx_word' id='word_1_70' title='bbox 382 1055 426 1109; x_wconf 81' lang='lat' dir='ltr'>lie.</span> <span class='ocrx_word' id='word_1_71' title='bbox 441 1056 481 1111; x_wconf 93' lang='grc'>17.</span> <span class='ocrx_word' id='word_1_72' title='bbox 500 1074 556 1110; x_wconf 86' lang='grc'>666</span> <span class='ocrx_word' id='word_1_73' title='bbox 567 1061 609 1110; x_wconf 90' lang='lat' dir='ltr'>est</span> <span class='ocrx_word' id='word_1_74' title='bbox 620 1057 720 1128; x_wconf 73' lang='lat' dir='ltr'>corripe</span> <span class='ocrx_word' id='word_1_75' title='bbox 731 1063 773 1112; x_wconf 91' lang='lat' dir='ltr'>est</span> <span class='ocrx_word' id='word_1_76' title='bbox 785 1057 941 1112; x_wconf 84' lang='lat' dir='ltr'>terminatio</span> <span class='ocrx_word' id='word_1_77' title='bbox 954 1057 1073 1126; x_wconf 83' lang='lat' dir='ltr'>virtutis,</span> <span class='ocrx_word' id='word_1_78' title='bbox 1085 1075 1140 1112; x_wconf 89' lang='lat' dir='ltr'>non</span> 
     </span>
    </p>

    <p class='ocr_par' dir='ltr' id='par_1_7' title="bbox 301 1141 952 1216">
     <span class='ocr_line' id='line_1_9' title="bbox 301 1141 952 1216; baseline 0.006 -22"><span class='ocrx_word' id='word_1_79' title='bbox 301 1141 369 1196; x_wconf 84' lang='lat' dir='ltr'>Ibid.</span> <span class='ocrx_word' id='word_1_80' title='bbox 384 1143 427 1196; x_wconf 78' lang='lat' dir='ltr'>tin.</span> <span class='ocrx_word' id='word_1_81' title='bbox 441 1143 483 1196; x_wconf 78' lang='lat'>20.</span> <span class='ocrx_word' id='word_1_82' title='bbox 503 1143 681 1216; x_wconf 72' lang='lat' dir='ltr'>potentialem</span> <span class='ocrx_word' id='word_1_83' title='bbox 693 1145 795 1214; x_wconf 69' lang='lat' dir='ltr'>cor-ripe</span> <span class='ocrx_word' id='word_1_84' title='bbox 806 1144 952 1200; x_wconf 76' lang='lat' dir='ltr'>virtualem</span> 
     </span>
    </p>

    <p class='ocr_par' dir='ltr' id='par_1_8' title="bbox 302 1229 982 1301">
     <span class='ocr_line' id='line_1_10' title="bbox 302 1229 982 1301; baseline 0.006 -20"><span class='ocrx_word' id='word_1_85' title='bbox 302 1229 371 1282; x_wconf 82' lang='lat' dir='ltr'>Ibid.</span> <span class='ocrx_word' id='word_1_86' title='bbox 385 1229 430 1283; x_wconf 83' lang='lat' dir='ltr'>lin.</span> <span class='ocrx_word' id='word_1_87' title='bbox 443 1229 486 1282; x_wconf 75' lang='lat'>82.</span> <span class='ocrx_word' id='word_1_88' title='bbox 504 1229 696 1301; x_wconf 80' lang='lat' dir='ltr'>potentialiter,</span> <span class='ocrx_word' id='word_1_89' title='bbox 709 1232 810 1301; x_wconf 64' lang='grc'><strong>9696699</strong></span> <span class='ocrx_word' id='word_1_90' title='bbox 821 1230 982 1301; x_wconf 82' lang='lat' dir='ltr'>virtualiter,</span> 
     </span>
    </p>

    <p class='ocr_par' dir='ltr' id='par_1_9' title="bbox 301 1316 923 1388">
     <span class='ocr_line' id='line_1_11' title="bbox 301 1316 923 1388; baseline 0.005 -19"><span class='ocrx_word' id='word_1_91' title='bbox 301 1316 370 1369; x_wconf 82' lang='lat' dir='ltr'>Ibid.</span> <span class='ocrx_word' id='word_1_92' title='bbox 384 1316 428 1370; x_wconf 80' lang='lat' dir='ltr'>lin.</span> <span class='ocrx_word' id='word_1_93' title='bbox 442 1316 484 1370; x_wconf 85' lang='grc'><strong>83.</strong></span> <span class='ocrx_word' id='word_1_94' title='bbox 503 1316 668 1388; x_wconf 85' lang='lat' dir='ltr'>potentiale;</span> <span class='ocrx_word' id='word_1_95' title='bbox 682 1319 781 1388; x_wconf 74' lang='lat' dir='ltr'>corripe</span> <span class='ocrx_word' id='word_1_96' title='bbox 792 1318 923 1388; x_wconf 83' lang='lat' dir='ltr'>virtuale;</span> 
     </span>
    </p>

    <p class='ocr_par' dir='ltr' id='par_1_10' title="bbox 266 1399 1371 1562">
     <span class='ocr_line' id='line_1_12' title="bbox 301 1399 1371 1477; baseline 0.001 -24"><span class='ocrx_word' id='word_1_97' title='bbox 301 1399 482 1456; x_wconf 74' lang='grc'><strong>11166635.</strong></span> <span class='ocrx_word' id='word_1_98' title='bbox 501 1407 584 1472; x_wconf 88' lang='lat' dir='ltr'>actus,</span> <span class='ocrx_word' id='word_1_99' title='bbox 605 1407 634 1456; x_wconf 90' lang='lat' dir='ltr'>et</span> <span class='ocrx_word' id='word_1_100' title='bbox 652 1420 707 1456; x_wconf 91' lang='lat' dir='ltr'>non</span> <span class='ocrx_word' id='word_1_101' title='bbox 727 1421 775 1475; x_wconf 91' lang='lat' dir='ltr'>per</span> <span class='ocrx_word' id='word_1_102' title='bbox 795 1404 908 1458; x_wconf 90' lang='lat' dir='ltr'>modum</span> <span class='ocrx_word' id='word_1_103' title='bbox 928 1404 1011 1459; x_wconf 87' lang='lat' dir='ltr'>solius</span> <span class='ocrx_word' id='word_1_104' title='bbox 1030 1403 1162 1477; x_wconf 71' lang='lat' dir='ltr'>potentie</span> <span class='ocrx_word' id='word_1_105' title='bbox 1179 1402 1279 1472; x_wconf 63' lang='grc'><strong>6696699</strong></span> <span class='ocrx_word' id='word_1_106' title='bbox 1295 1404 1371 1456; x_wconf 85' lang='lat' dir='ltr'>actua</span> 
     </span>
     <span class='ocr_line' id='line_1_13' title="bbox 266 1487 951 1562; baseline 0.004 -20"><span class='ocrx_word' id='word_1_107' title='bbox 266 1487 385 1556; x_wconf 86' lang='lat' dir='ltr'>secundi,</span> <span class='ocrx_word' id='word_1_108' title='bbox 398 1493 427 1542; x_wconf 89' lang='lat' dir='ltr'>et</span> <span class='ocrx_word' id='word_1_109' title='bbox 438 1505 493 1542; x_wconf 90' lang='lat' dir='ltr'>non</span> <span class='ocrx_word' id='word_1_110' title='bbox 504 1506 552 1561; x_wconf 89' lang='lat' dir='ltr'>per</span> <span class='ocrx_word' id='word_1_111' title='bbox 562 1489 674 1544; x_wconf 90' lang='lat' dir='ltr'>modum</span> <span class='ocrx_word' id='word_1_112' title='bbox 687 1489 770 1544; x_wconf 92' lang='lat' dir='ltr'>solius</span> <span class='ocrx_word' id='word_1_113' title='bbox 781 1496 858 1545; x_wconf 87' lang='lat' dir='ltr'>actus</span> <span class='ocrx_word' id='word_1_114' title='bbox 869 1491 951 1562; x_wconf 91' lang='lat' dir='ltr'>primi</span> 
     </span>
    </p>

    <p class='ocr_par' dir='ltr' id='par_1_11' title="bbox 300 1574 1082 1648">
     <span class='ocr_line' id='line_1_14' title="bbox 300 1574 1082 1648; baseline 0.006 -22"><span class='ocrx_word' id='word_1_115' title='bbox 300 1574 366 1642; x_wconf 70' lang='lat' dir='ltr'>Pap.</span> <span class='ocrx_word' id='word_1_116' title='bbox 381 1574 440 1627; x_wconf 82' lang='lat'>145.</span> <span class='ocrx_word' id='word_1_117' title='bbox 453 1575 497 1628; x_wconf 82' lang='lat' dir='ltr'>lin.</span> <span class='ocrx_word' id='word_1_118' title='bbox 512 1575 537 1644; x_wconf 88' lang='lat'>4,</span> <span class='ocrx_word' id='word_1_119' title='bbox 550 1576 574 1628; x_wconf 84' lang='lat'>5.</span> <span class='ocrx_word' id='word_1_120' title='bbox 594 1575 623 1630; x_wconf 94' lang='lat' dir='ltr'>id</span> <span class='ocrx_word' id='word_1_121' title='bbox 635 1582 675 1630; x_wconf 94' lang='lat' dir='ltr'>est</span> <span class='ocrx_word' id='word_1_122' title='bbox 686 1576 851 1648; x_wconf 76' lang='lat' dir='ltr'>potentialis,</span> <span class='ocrx_word' id='word_1_123' title='bbox 865 1578 919 1630; x_wconf 84' lang='grc'><strong>6919</strong></span> <span class='ocrx_word' id='word_1_124' title='bbox 929 1577 984 1631; x_wconf 68' lang='grc'><strong>7696</strong></span> <span class='ocrx_word' id='word_1_125' title='bbox 995 1577 1082 1632; x_wconf 82' lang='lat' dir='ltr'>verba.</span> 
     </span>
    </p>

    <p class='ocr_par' dir='ltr' id='par_1_12' title="bbox 264 1659 1371 2158">
     <span class='ocr_line' id='line_1_15' title="bbox 301 1659 1370 1736; baseline 0.004 -24"><span class='ocrx_word' id='word_1_126' title='bbox 301 1659 426 1712; x_wconf 76' lang='grc'><strong>1116116.</strong></span> <span class='ocrx_word' id='word_1_127' title='bbox 441 1660 466 1713; x_wconf 89' lang='grc'>6.</span> <span class='ocrx_word' id='word_1_128' title='bbox 485 1665 513 1713; x_wconf 87' lang='lat' dir='ltr'>et</span> <span class='ocrx_word' id='word_1_129' title='bbox 525 1677 630 1732; x_wconf 90' lang='lat' dir='ltr'>conseq.</span> <span class='ocrx_word' id='word_1_130' title='bbox 650 1663 743 1716; x_wconf 83' lang='lat' dir='ltr'>Adde:</span> <span class='ocrx_word' id='word_1_131' title='bbox 763 1662 873 1734; x_wconf 85' lang='lat' dir='ltr'>Duplici</span> <span class='ocrx_word' id='word_1_132' title='bbox 888 1664 969 1717; x_wconf 91' lang='lat' dir='ltr'>modo</span> <span class='ocrx_word' id='word_1_133' title='bbox 988 1663 1092 1735; x_wconf 76' lang='lat' dir='ltr'>aliquid</span> <span class='ocrx_word' id='word_1_134' title='bbox 1110 1666 1201 1736; x_wconf 89' lang='lat' dir='ltr'>potest</span> <span class='ocrx_word' id='word_1_135' title='bbox 1212 1679 1270 1716; x_wconf 88' lang='lat' dir='ltr'>cese</span> <span class='ocrx_word' id='word_1_136' title='bbox 1281 1660 1370 1716; x_wconf 88' lang='lat' dir='ltr'>virtu·</span> 
     </span>
     <span class='ocr_line' id='line_1_16' title="bbox 265 1744 1370 1820; baseline 0.001 -21"><span class='ocrx_word' id='word_1_137' title='bbox 265 1744 345 1799; x_wconf 89' lang='lat' dir='ltr'>aliter</span> <span class='ocrx_word' id='word_1_138' title='bbox 356 1744 385 1798; x_wconf 92' lang='lat' dir='ltr'>in</span> <span class='ocrx_word' id='word_1_139' title='bbox 397 1745 455 1798; x_wconf 77' lang='lat' dir='ltr'>ubi:</span> <span class='ocrx_word' id='word_1_140' title='bbox 474 1746 519 1800; x_wconf 91' lang='lat' dir='ltr'>vel</span> <span class='ocrx_word' id='word_1_141' title='bbox 531 1747 595 1818; x_wconf 84' lang='lat' dir='ltr'>quie</span> <span class='ocrx_word' id='word_1_142' title='bbox 606 1747 643 1817; x_wconf 92' lang='lat' dir='ltr'>id,</span> <span class='ocrx_word' id='word_1_143' title='bbox 657 1748 690 1802; x_wconf 92' lang='lat' dir='ltr'>de</span> <span class='ocrx_word' id='word_1_144' title='bbox 708 1765 761 1820; x_wconf 91' lang='lat' dir='ltr'>quo</span> <span class='ocrx_word' id='word_1_145' title='bbox 777 1748 922 1820; x_wconf 90' lang='lat' dir='ltr'>loquimur,</span> <span class='ocrx_word' id='word_1_146' title='bbox 932 1749 1035 1803; x_wconf 85' lang='lat' dir='ltr'>ratione</span> <span class='ocrx_word' id='word_1_147' title='bbox 1054 1749 1097 1804; x_wconf 89' lang='lat' dir='ltr'>sui</span> <span class='ocrx_word' id='word_1_148' title='bbox 1115 1754 1157 1803; x_wconf 89' lang='lat' dir='ltr'>est</span> <span class='ocrx_word' id='word_1_149' title='bbox 1174 1753 1249 1802; x_wconf 84' lang='lat' dir='ltr'>ectus</span> <span class='ocrx_word' id='word_1_150' title='bbox 1265 1747 1370 1801; x_wconf 90' lang='lat' dir='ltr'>incom-</span> 
     </span>
     <span class='ocr_line' id='line_1_17' title="bbox 265 1830 1371 1907; baseline 0.001 -23"><span class='ocrx_word' id='word_1_151' title='bbox 265 1831 363 1903; x_wconf 89' lang='lat' dir='ltr'>pletus,</span> <span class='ocrx_word' id='word_1_152' title='bbox 376 1830 420 1885; x_wconf 91' lang='lat' dir='ltr'>vel</span> <span class='ocrx_word' id='word_1_153' title='bbox 432 1831 496 1902; x_wconf 88' lang='lat' dir='ltr'>quia</span> <span class='ocrx_word' id='word_1_154' title='bbox 507 1831 544 1900; x_wconf 90' lang='lat' dir='ltr'>id,</span> <span class='ocrx_word' id='word_1_155' title='bbox 557 1833 591 1886; x_wconf 91' lang='lat' dir='ltr'>de</span> <span class='ocrx_word' id='word_1_156' title='bbox 604 1849 658 1904; x_wconf 90' lang='lat' dir='ltr'>quo</span> <span class='ocrx_word' id='word_1_157' title='bbox 669 1834 813 1906; x_wconf 86' lang='lat' dir='ltr'>loquimur,</span> <span class='ocrx_word' id='word_1_158' title='bbox 826 1840 868 1888; x_wconf 90' lang='lat' dir='ltr'>est</span> <span class='ocrx_word' id='word_1_159' title='bbox 880 1835 990 1907; x_wconf 90' lang='lat' dir='ltr'>quidem</span> <span class='ocrx_word' id='word_1_160' title='bbox 1002 1840 1079 1889; x_wconf 88' lang='lat' dir='ltr'>actus</span> <span class='ocrx_word' id='word_1_161' title='bbox 1091 1835 1242 1906; x_wconf 88' lang='lat' dir='ltr'>completus</span> <span class='ocrx_word' id='word_1_162' title='bbox 1254 1833 1283 1886; x_wconf 93' lang='lat' dir='ltr'>in</span> <span class='ocrx_word' id='word_1_163' title='bbox 1295 1831 1371 1886; x_wconf 87' lang='lat' dir='ltr'>omni</span> 
     </span>
     <span class='ocr_line' id='line_1_18' title="bbox 264 1911 1370 1990; baseline 0.003 -25"><span class='ocrx_word' id='word_1_164' title='bbox 264 1913 310 1966; x_wconf 79' lang='lat' dir='ltr'>ubi</span> <span class='ocrx_word' id='word_1_165' title='bbox 315 1911 482 1983; x_wconf 79' lang='lat' dir='ltr'>designabili,</span> <span class='ocrx_word' id='word_1_166' title='bbox 493 1914 601 1970; x_wconf 85' lang='lat' dir='ltr'>sednon</span> <span class='ocrx_word' id='word_1_167' title='bbox 611 1921 652 1970; x_wconf 89' lang='lat' dir='ltr'>est</span> <span class='ocrx_word' id='word_1_168' title='bbox 661 1918 844 1990; x_wconf 88' lang='lat' dir='ltr'>susceptivum</span> <span class='ocrx_word' id='word_1_169' title='bbox 852 1918 972 1972; x_wconf 85' lang='lat' dir='ltr'>formalis</span> <span class='ocrx_word' id='word_1_170' title='bbox 984 1917 1154 1985; x_wconf 83' lang='lat' dir='ltr'>ubicationis‚</span> <span class='ocrx_word' id='word_1_171' title='bbox 1165 1934 1250 1989; x_wconf 88' lang='lat' dir='ltr'>quum</span> <span class='ocrx_word' id='word_1_172' title='bbox 1262 1931 1370 1970; x_wconf 88' lang='lat' dir='ltr'>omnem</span> 
     </span>
     <span class='ocr_line' id='line_1_19' title="bbox 265 1996 1371 2059; baseline 0.003 -8"><span class='ocrx_word' id='word_1_173' title='bbox 265 1996 449 2052; x_wconf 88' lang='lat' dir='ltr'>ubicationem</span> <span class='ocrx_word' id='word_1_174' title='bbox 460 1999 490 2053; x_wconf 92' lang='lat' dir='ltr'>in</span> <span class='ocrx_word' id='word_1_175' title='bbox 502 2017 530 2055; x_wconf 89' lang='grc'>66</span> <span class='ocrx_word' id='word_1_176' title='bbox 542 2001 691 2057; x_wconf 88' lang='lat' dir='ltr'>eminenter</span> <span class='ocrx_word' id='word_1_177' title='bbox 703 2004 848 2059; x_wconf 81' lang='lat' dir='ltr'>contineat</span> <span class='ocrx_word' id='word_1_178' title='bbox 877 2005 939 2059; x_wconf 89' lang='lat' dir='ltr'>Hoc</span> <span class='ocrx_word' id='word_1_179' title='bbox 951 2005 1068 2059; x_wconf 88' lang='lat' dir='ltr'>secundo</span> <span class='ocrx_word' id='word_1_180' title='bbox 1079 2005 1160 2058; x_wconf 91' lang='lat' dir='ltr'>modo</span> <span class='ocrx_word' id='word_1_181' title='bbox 1174 2003 1300 2058; x_wconf 88' lang='lat' dir='ltr'>convenit</span> <span class='ocrx_word' id='word_1_182' title='bbox 1311 2002 1371 2055; x_wconf 88' lang='lat' dir='ltr'>Deo</span> 
     </span>
     <span class='ocr_line' id='line_1_20' title="bbox 265 2084 1369 2158; baseline 0.004 -21"><span class='ocrx_word' id='word_1_183' title='bbox 265 2102 322 2138; x_wconf 91' lang='lat' dir='ltr'>esse</span> <span class='ocrx_word' id='word_1_184' title='bbox 335 2084 450 2156; x_wconf 90' lang='lat' dir='ltr'>ubique:</span> <span class='ocrx_word' id='word_1_185' title='bbox 469 2088 541 2158; x_wconf 92' lang='lat' dir='ltr'>qnod</span> <span class='ocrx_word' id='word_1_186' title='bbox 552 2105 607 2141; x_wconf 93' lang='lat' dir='ltr'>non</span> <span class='ocrx_word' id='word_1_187' title='bbox 619 2090 746 2144; x_wconf 88' lang='lat' dir='ltr'>convenit</span> <span class='ocrx_word' id='word_1_188' title='bbox 754 2091 850 2146; x_wconf 89' lang='lat' dir='ltr'>virtuti</span> <span class='ocrx_word' id='word_1_189' title='bbox 863 2098 999 2146; x_wconf 83' lang='lat' dir='ltr'>ereeturee.</span> <span class='ocrx_word' id='word_1_190' title='bbox 1027 2091 1116 2146; x_wconf 88' lang='lat' dir='ltr'>Etres</span> <span class='ocrx_word' id='word_1_191' title='bbox 1124 2090 1204 2145; x_wconf 87' lang='lat' dir='ltr'>facile</span> <span class='ocrx_word' id='word_1_192' title='bbox 1212 2089 1369 2144; x_wconf 87' lang='lat' dir='ltr'>declaratur.</span> 
     </span>
    </p>

    <p class='ocr_par' dir='ltr' id='par_1_13' title="bbox 300 2171 975 2246">
     <span class='ocr_line' id='line_1_21' title="bbox 300 2171 975 2246; baseline 0.013 -23"><span class='ocrx_word' id='word_1_193' title='bbox 300 2171 365 2241; x_wconf 66' lang='lat' dir='ltr'>Pap.</span> <span class='ocrx_word' id='word_1_194' title='bbox 381 2171 439 2227; x_wconf 84' lang='lat'>146.</span> <span class='ocrx_word' id='word_1_195' title='bbox 453 2173 498 2227; x_wconf 79' lang='lat' dir='ltr'>lin.</span> <span class='ocrx_word' id='word_1_196' title='bbox 510 2173 535 2228; x_wconf 83' lang='grc'><strong>4</strong></span> <span class='ocrx_word' id='word_1_197' title='bbox 554 2175 719 2246; x_wconf 84' lang='lat' dir='ltr'>potentialis,</span> <span class='ocrx_word' id='word_1_198' title='bbox 732 2177 832 2246; x_wconf 70' lang='lat' dir='ltr'>corripe</span> <span class='ocrx_word' id='word_1_199' title='bbox 842 2177 975 2246; x_wconf 75' lang='lat' dir='ltr'>virtiralis,</span> 
     </span>
    </p>

    <p class='ocr_par' dir='ltr' id='par_1_14' title="bbox 300 2259 1079 2319">
     <span class='ocr_line' id='line_1_22' title="bbox 300 2259 1079 2319; baseline 0.009 -8"><span class='ocrx_word' id='word_1_200' title='bbox 300 2259 369 2312; x_wconf 80' lang='lat' dir='ltr'>ibid.</span> <span class='ocrx_word' id='word_1_201' title='bbox 383 2259 427 2314; x_wconf 78' lang='lat' dir='ltr'>lin.</span> <span class='ocrx_word' id='word_1_202' title='bbox 440 2259 482 2315; x_wconf 82' lang='lat'>27.</span> <span class='ocrx_word' id='word_1_203' title='bbox 503 2260 717 2316; x_wconf 76' lang='lat' dir='ltr'>substantialiter</span> <span class='ocrx_word' id='word_1_204' title='bbox 729 2265 794 2316; x_wconf 79' lang='lat' dir='ltr'>addc</span> <span class='ocrx_word' id='word_1_205' title='bbox 806 2268 834 2317; x_wconf 88' lang='lat' dir='ltr'>et</span> <span class='ocrx_word' id='word_1_206' title='bbox 845 2263 875 2316; x_wconf 93' lang='lat' dir='ltr'>in</span> <span class='ocrx_word' id='word_1_207' title='bbox 887 2269 950 2318; x_wconf 78' lang='lat' dir='ltr'>acm</span> <span class='ocrx_word' id='word_1_208' title='bbox 961 2264 1079 2319; x_wconf 88' lang='lat' dir='ltr'>secundo</span> 
     </span>
    </p>

    <p class='ocr_par' dir='ltr' id='par_1_15' title="bbox 300 2346 1359 2424">
     <span class='ocr_line' id='line_1_23' title="bbox 300 2346 1359 2424; baseline 0.004 -26"><span class='ocrx_word' id='word_1_209' title='bbox 300 2346 368 2400; x_wconf 72' lang='grc'><strong>1116.</strong></span> <span class='ocrx_word' id='word_1_210' title='bbox 382 2346 426 2400; x_wconf 78' lang='lat' dir='ltr'>lin.</span> <span class='ocrx_word' id='word_1_211' title='bbox 440 2347 482 2401; x_wconf 80' lang='lat'>28.</span> <span class='ocrx_word' id='word_1_212' title='bbox 499 2346 598 2401; x_wconf 87' lang='lat' dir='ltr'>habere</span> <span class='ocrx_word' id='word_1_213' title='bbox 611 2349 710 2419; x_wconf 71' lang='lat' dir='ltr'>corripe</span> <span class='ocrx_word' id='word_1_214' title='bbox 722 2366 779 2403; x_wconf 88' lang='lat' dir='ltr'>esse</span> <span class='ocrx_word' id='word_1_215' title='bbox 791 2349 944 2404; x_wconf 80' lang='lat' dir='ltr'>virtualiter</span> <span class='ocrx_word' id='word_1_216' title='bbox 956 2356 985 2404; x_wconf 91' lang='lat' dir='ltr'>et</span> <span class='ocrx_word' id='word_1_217' title='bbox 996 2351 1025 2405; x_wconf 92' lang='lat' dir='ltr'>in</span> <span class='ocrx_word' id='word_1_218' title='bbox 1037 2356 1101 2406; x_wconf 88' lang='lat' dir='ltr'>actu</span> <span class='ocrx_word' id='word_1_219' title='bbox 1112 2351 1200 2424; x_wconf 89' lang='lat' dir='ltr'>primo</span> <span class='ocrx_word' id='word_1_220' title='bbox 1211 2348 1359 2405; x_wconf 88' lang='lat' dir='ltr'>secundum</span> 
     </span>
    </p>

    <p class='ocr_par' dir='ltr' id='par_1_16' title="bbox 300 2433 1020 2506">
     <span class='ocr_line' id='line_1_24' title="bbox 300 2433 1020 2506; baseline 0.006 -19"><span class='ocrx_word' id='word_1_221' title='bbox 300 2434 365 2501; x_wconf 60' lang='lat' dir='ltr'>Pap.</span> <span class='ocrx_word' id='word_1_222' title='bbox 380 2433 497 2487; x_wconf 73' lang='grc'><strong>1477916.</strong></span> <span class='ocrx_word' id='word_1_223' title='bbox 513 2434 536 2486; x_wconf 93' lang='lat'>1.</span> <span class='ocrx_word' id='word_1_224' title='bbox 556 2434 741 2506; x_wconf 85' lang='lat' dir='ltr'>potentialiter</span> <span class='ocrx_word' id='word_1_225' title='bbox 752 2436 854 2505; x_wconf 68' lang='lat' dir='ltr'>corripe</span> <span class='ocrx_word' id='word_1_226' title='bbox 866 2436 1020 2491; x_wconf 77' lang='lat' dir='ltr'>virtualiter</span> 
     </span>
    </p>

    <p class='ocr_par' dir='ltr' id='par_1_17' title="bbox 300 2520 1119 2594">
     <span class='ocr_line' id='line_1_25' title="bbox 300 2520 1119 2594; baseline 0.006 -20"><span class='ocrx_word' id='word_1_227' title='bbox 300 2526 363 2590; x_wconf 70' lang='lat' dir='ltr'>Pap.</span> <span class='ocrx_word' id='word_1_228' title='bbox 377 2520 435 2574; x_wconf 88' lang='grc'><strong>149.</strong></span> <span class='ocrx_word' id='word_1_229' title='bbox 449 2520 492 2574; x_wconf 75' lang='lat' dir='ltr'>lin.</span> <span class='ocrx_word' id='word_1_230' title='bbox 508 2520 548 2574; x_wconf 89' lang='lat'>10.</span> <span class='ocrx_word' id='word_1_231' title='bbox 569 2522 799 2594; x_wconf 82' lang='lat' dir='ltr'>potentialitatem</span> <span class='ocrx_word' id='word_1_232' title='bbox 811 2523 912 2593; x_wconf 66' lang='grc'><strong>6666699</strong></span> <span class='ocrx_word' id='word_1_233' title='bbox 923 2523 1119 2579; x_wconf 85' lang='lat' dir='ltr'>virtualitatem</span> 
     </span>
    </p>

    <p class='ocr_par' dir='ltr' id='par_1_18' title="bbox 300 2607 849 2678">
     <span class='ocr_line' id='line_1_26' title="bbox 300 2607 849 2678; baseline 0.005 -18"><span class='ocrx_word' id='word_1_234' title='bbox 300 2608 366 2677; x_wconf 69' lang='lat' dir='ltr'>Pap.</span> <span class='ocrx_word' id='word_1_235' title='bbox 381 2607 440 2661; x_wconf 78' lang='lat'>150.</span> <span class='ocrx_word' id='word_1_236' title='bbox 455 2608 498 2661; x_wconf 78' lang='lat' dir='ltr'>tin.</span> <span class='ocrx_word' id='word_1_237' title='bbox 513 2607 555 2662; x_wconf 93' lang='grc'>11.</span> <span class='ocrx_word' id='word_1_238' title='bbox 574 2607 611 2662; x_wconf 89' lang='lat' dir='ltr'>sit</span> <span class='ocrx_word' id='word_1_239' title='bbox 622 2610 688 2662; x_wconf 77' lang='grc'><strong>6669</strong></span> <span class='ocrx_word' id='word_1_240' title='bbox 698 2609 780 2663; x_wconf 90' lang='lat' dir='ltr'>modo</span> <span class='ocrx_word' id='word_1_241' title='bbox 792 2627 849 2678; x_wconf 90' lang='lat' dir='ltr'>suo,</span> 
     </span>
    </p>

    <p class='ocr_par' dir='ltr' id='par_1_19' title="bbox 299 2693 1019 2764">
     <span class='ocr_line' id='line_1_27' title="bbox 299 2693 1019 2764; baseline 0.007 -18"><span class='ocrx_word' id='word_1_242' title='bbox 299 2694 365 2764; x_wconf 71' lang='lat' dir='ltr'>Pap.</span> <span class='ocrx_word' id='word_1_243' title='bbox 380 2693 439 2747; x_wconf 88' lang='grc'><strong>166.</strong></span> <span class='ocrx_word' id='word_1_244' title='bbox 453 2693 496 2747; x_wconf 79' lang='lat' dir='ltr'>lin.</span> <span class='ocrx_word' id='word_1_245' title='bbox 510 2693 535 2746; x_wconf 89' lang='grc'>6.</span> <span class='ocrx_word' id='word_1_246' title='bbox 555 2693 711 2748; x_wconf 89' lang='lat' dir='ltr'>affirmando</span> <span class='ocrx_word' id='word_1_247' title='bbox 724 2696 790 2748; x_wconf 77' lang='lat' dir='ltr'>adde</span> <span class='ocrx_word' id='word_1_248' title='bbox 802 2695 1019 2751; x_wconf 72' lang='lat' dir='ltr'>coniectsualiter</span> 
     </span>
    </p>

    <p class='ocr_par' dir='ltr' id='par_1_20' title="bbox 263 2780 1370 3026">
     <span class='ocr_line' id='line_1_28' title="bbox 299 2780 1370 2851; baseline 0 -17"><span class='ocrx_word' id='word_1_249' title='bbox 299 2782 364 2851; x_wconf 63' lang='lat' dir='ltr'>Pap.</span> <span class='ocrx_word' id='word_1_250' title='bbox 379 2781 495 2836; x_wconf 73' lang='grc'><strong>1667199.</strong></span> <span class='ocrx_word' id='word_1_251' title='bbox 515 2781 540 2848; x_wconf 86' lang='grc'>5,</span> <span class='ocrx_word' id='word_1_252' title='bbox 557 2781 583 2834; x_wconf 91' lang='grc'>6.</span> <span class='ocrx_word' id='word_1_253' title='bbox 602 2780 687 2835; x_wconf 85' lang='lat' dir='ltr'>Valor</span> <span class='ocrx_word' id='word_1_254' title='bbox 703 2798 793 2837; x_wconf 87' lang='lat' dir='ltr'>unus.</span> <span class='ocrx_word' id='word_1_255' title='bbox 809 2783 1004 2838; x_wconf 77' lang='lat' dir='ltr'>..contrariae</span> <span class='ocrx_word' id='word_1_256' title='bbox 1042 2783 1116 2851; x_wconf 82' lang='lat' dir='ltr'>Dele,</span> <span class='ocrx_word' id='word_1_257' title='bbox 1136 2788 1160 2836; x_wconf 86' lang='lat' dir='ltr'>et</span> <span class='ocrx_word' id='word_1_258' title='bbox 1177 2781 1298 2836; x_wconf 74' lang='grc'><strong>66169169</strong></span> <span class='ocrx_word' id='word_1_259' title='bbox 1315 2782 1370 2835; x_wconf 78' lang='lat' dir='ltr'>luco</span> 
     </span>
     <span class='ocr_line' id='line_1_29' title="bbox 263 2866 1368 2942; baseline -0.002 -19"><span class='ocrx_word' id='word_1_260' title='bbox 263 2869 354 2923; x_wconf 80' lang='lat' dir='ltr'>verba:</span> <span class='ocrx_word' id='word_1_261' title='bbox 373 2869 447 2922; x_wconf 88' lang='lat' dir='ltr'>Ante</span> <span class='ocrx_word' id='word_1_262' title='bbox 458 2866 578 2921; x_wconf 88' lang='lat' dir='ltr'>radicem</span> <span class='ocrx_word' id='word_1_263' title='bbox 589 2867 660 2921; x_wconf 91' lang='lat' dir='ltr'>sumi</span> <span class='ocrx_word' id='word_1_264' title='bbox 673 2867 754 2923; x_wconf 90' lang='lat' dir='ltr'>debet</span> <span class='ocrx_word' id='word_1_265' title='bbox 765 2869 873 2941; x_wconf 85' lang='lat' dir='ltr'>signum</span> <span class='ocrx_word' id='word_1_266' title='bbox 885 2870 1043 2942; x_wconf 87' lang='lat' dir='ltr'>positivum,</span> <span class='ocrx_word' id='word_1_267' title='bbox 1061 2868 1126 2941; x_wconf 86' lang='lat' dir='ltr'>quia</span> <span class='ocrx_word' id='word_1_268' title='bbox 1138 2870 1173 2923; x_wconf 70' lang='lat' dir='ltr'>dn</span> <span class='ocrx_word' id='word_1_269' title='bbox 1185 2873 1213 2924; x_wconf 89' lang='lat' dir='ltr'>et</span> <span class='ocrx_word' id='word_1_270' title='bbox 1225 2870 1253 2923; x_wconf 80' lang='lat' dir='ltr'>dt</span> <span class='ocrx_word' id='word_1_271' title='bbox 1264 2873 1328 2922; x_wconf 87' lang='lat' dir='ltr'>sunt</span> <span class='ocrx_word' id='word_1_272' title='bbox 1339 2867 1368 2921; x_wconf 92' lang='lat' dir='ltr'>in</span> 
     </span>
     <span class='ocr_line' id='line_1_30' title="bbox 264 2937 858 3026; baseline 0.002 -18"><span class='ocrx_word' id='word_1_273' title='bbox 264 2959 354 3009; x_wconf 89' lang='lat' dir='ltr'>nostro</span> <span class='ocrx_word' id='word_1_274' title='bbox 363 2937 431 3008; x_wconf 79' lang='lat' dir='ltr'>besu</span> <span class='ocrx_word' id='word_1_275' title='bbox 444 2954 565 3008; x_wconf 88' lang='lat' dir='ltr'>eiusdem</span> <span class='ocrx_word' id='word_1_276' title='bbox 577 2954 655 3026; x_wconf 81' lang='lat' dir='ltr'>signi.</span> <span class='ocrx_word' id='word_1_277' title='bbox 806 2965 807 2968; x_wconf 76' lang='grc'>’</span> <span class='ocrx_word' id='word_1_278' title='bbox 857 2964 858 2968; x_wconf 75' lang='grc'>’</span> 
     </span>
    </p>

    <p class='ocr_par' dir='ltr' id='par_1_21' title="bbox 300 3041 841 3113">
     <span class='ocr_line' id='line_1_31' title="bbox 300 3041 841 3113; baseline 0.004 -19"><span class='ocrx_word' id='word_1_279' title='bbox 300 3042 365 3112; x_wconf 70' lang='lat' dir='ltr'>Pop.</span> <span class='ocrx_word' id='word_1_280' title='bbox 381 3041 499 3094; x_wconf 71' lang='grc'><strong>166716.</strong></span> <span class='ocrx_word' id='word_1_281' title='bbox 514 3041 555 3094; x_wconf 80' lang='lat'>12.</span> <span class='ocrx_word' id='word_1_282' title='bbox 575 3051 645 3103; x_wconf 76' lang='lat' dir='ltr'>c÷c</span> <span class='ocrx_word' id='word_1_283' title='bbox 657 3043 759 3113; x_wconf 83' lang='lat' dir='ltr'>corrige</span> <span class='ocrx_word' id='word_1_284' title='bbox 771 3061 841 3098; x_wconf 77' lang='grc'>6-6</span> 
     </span>
    </p>

    <p class='ocr_par' dir='ltr' id='par_1_22' title="bbox 299 3126 1006 3201">
     <span class='ocr_line' id='line_1_32' title="bbox 299 3126 1006 3201; baseline 0.004 -21"><span class='ocrx_word' id='word_1_285' title='bbox 299 3128 365 3197; x_wconf 73' lang='lat' dir='ltr'>Pap.</span> <span class='ocrx_word' id='word_1_286' title='bbox 379 3127 496 3181; x_wconf 77' lang='grc'><strong>174716.</strong></span> <span class='ocrx_word' id='word_1_287' title='bbox 511 3126 552 3179; x_wconf 94' lang='lat'>11.</span> <span class='ocrx_word' id='word_1_288' title='bbox 571 3127 769 3198; x_wconf 91' lang='lat' dir='ltr'>repulsivorum</span> <span class='ocrx_word' id='word_1_289' title='bbox 781 3131 847 3183; x_wconf 80' lang='lat' dir='ltr'>adde</span> <span class='ocrx_word' id='word_1_290' title='bbox 858 3129 1006 3201; x_wconf 83' lang='lat' dir='ltr'>aeqnnlium</span> 
     </span>
    </p>

    <p class='ocr_par' dir='ltr' id='par_1_23' title="bbox 264 3212 1369 3356">
     <span class='ocr_line' id='line_1_33' title="bbox 298 3212 1369 3286; baseline 0.002 -20"><span class='ocrx_word' id='word_1_291' title='bbox 298 3213 364 3283; x_wconf 71' lang='lat' dir='ltr'>Pap.</span> <span class='ocrx_word' id='word_1_292' title='bbox 378 3213 438 3267; x_wconf 84' lang='grc'><strong>175.</strong></span> <span class='ocrx_word' id='word_1_293' title='bbox 452 3212 496 3266; x_wconf 80' lang='lat' dir='ltr'>lia.</span> <span class='ocrx_word' id='word_1_294' title='bbox 509 3212 552 3267; x_wconf 90' lang='lat'>31.</span> <span class='ocrx_word' id='word_1_295' title='bbox 571 3212 680 3267; x_wconf 88' lang='lat' dir='ltr'>Licebit</span> <span class='ocrx_word' id='word_1_296' title='bbox 703 3214 788 3286; x_wconf 84' lang='lat' dir='ltr'>igitur</span> <span class='ocrx_word' id='word_1_297' title='bbox 810 3219 860 3270; x_wconf 88' lang='lat' dir='ltr'>etc.</span> <span class='ocrx_word' id='word_1_298' title='bbox 886 3215 939 3269; x_wconf 76' lang='lat' dir='ltr'>dele</span> <span class='ocrx_word' id='word_1_299' title='bbox 956 3221 1040 3270; x_wconf 83' lang='lat' dir='ltr'>totum</span> <span class='ocrx_word' id='word_1_300' title='bbox 1060 3233 1138 3286; x_wconf 79' lang='lat' dir='ltr'>usque</span> <span class='ocrx_word' id='word_1_301' title='bbox 1159 3217 1195 3268; x_wconf 82' lang='lat' dir='ltr'>ed</span> <span class='ocrx_word' id='word_1_302' title='bbox 1203 3218 1292 3286; x_wconf 77' lang='lat' dir='ltr'>finem</span> <span class='ocrx_word' id='word_1_303' title='bbox 1314 3215 1369 3268; x_wconf 79' lang='grc'><strong>9166</strong></span> 
     </span>
     <span class='ocr_line' id='line_1_34' title="bbox 264 3320 375 3356; baseline -0.018 0"><span class='ocrx_word' id='word_1_304' title='bbox 264 3320 375 3356; x_wconf 75' lang='lat' dir='ltr'>numm.</span> 
     </span>
    </p>

    <p class='ocr_par' dir='ltr' id='par_1_24' title="bbox 262 3385 1370 3806">
     <span class='ocr_line' id='line_1_35' title="bbox 299 3385 1370 3461; baseline 0 -21"><span class='ocrx_word' id='word_1_305' title='bbox 299 3388 365 3457; x_wconf 70' lang='lat' dir='ltr'>Pap.</span> <span class='ocrx_word' id='word_1_306' title='bbox 380 3386 437 3440; x_wconf 84' lang='grc'><strong>176.</strong></span> <span class='ocrx_word' id='word_1_307' title='bbox 452 3385 495 3439; x_wconf 77' lang='lat' dir='ltr'>lin.</span> <span class='ocrx_word' id='word_1_308' title='bbox 511 3385 605 3441; x_wconf 84' lang='grc'><strong>15-17.</strong></span> <span class='ocrx_word' id='word_1_309' title='bbox 625 3404 683 3442; x_wconf 87' lang='lat' dir='ltr'>esse</span> <span class='ocrx_word' id='word_1_310' title='bbox 695 3388 967 3442; x_wconf 84' lang='lat' dir='ltr'>determinationem.</span> <span class='ocrx_word' id='word_1_311' title='bbox 983 3427 990 3441; x_wconf 89' lang='lat'><strong>.</strong></span> <span class='ocrx_word' id='word_1_312' title='bbox 1004 3429 1009 3443; x_wconf 92' lang='lat'>.</span> <span class='ocrx_word' id='word_1_313' title='bbox 1024 3394 1247 3461; x_wconf 87' lang='lat' dir='ltr'>perseverantem.</span> <span class='ocrx_word' id='word_1_314' title='bbox 1270 3389 1370 3456; x_wconf 72' lang='lat' dir='ltr'>comtpe</span> 
     </span>
     <span class='ocr_line' id='line_1_36' title="bbox 263 3472 1369 3546; baseline -0.002 -17"><span class='ocrx_word' id='word_1_315' title='bbox 263 3481 292 3529; x_wconf 81' lang='lat' dir='ltr'>ut</span> <span class='ocrx_word' id='word_1_316' title='bbox 304 3474 433 3544; x_wconf 78' lang='lat' dir='ltr'>requitur:</span> <span class='ocrx_word' id='word_1_317' title='bbox 454 3489 510 3526; x_wconf 89' lang='lat' dir='ltr'>esse</span> <span class='ocrx_word' id='word_1_318' title='bbox 528 3472 557 3527; x_wconf 92' lang='lat' dir='ltr'>id</span> <span class='ocrx_word' id='word_1_319' title='bbox 575 3490 629 3544; x_wconf 90' lang='lat' dir='ltr'>quo</span> <span class='ocrx_word' id='word_1_320' title='bbox 646 3474 724 3546; x_wconf 84' lang='lat' dir='ltr'>plura</span> <span class='ocrx_word' id='word_1_321' title='bbox 742 3474 876 3530; x_wconf 84' lang='lat' dir='ltr'>elemento</span> <span class='ocrx_word' id='word_1_322' title='bbox 893 3475 923 3528; x_wconf 93' lang='lat' dir='ltr'>in</span> <span class='ocrx_word' id='word_1_323' title='bbox 940 3493 1029 3528; x_wconf 91' lang='lat' dir='ltr'>unum</span> <span class='ocrx_word' id='word_1_324' title='bbox 1047 3481 1164 3546; x_wconf 80' lang='lat' dir='ltr'>systema</span> <span class='ocrx_word' id='word_1_325' title='bbox 1181 3474 1369 3529; x_wconf 78' lang='lat' dir='ltr'>mechanicum</span> 
     </span>
     <span class='ocr_line' id='line_1_37' title="bbox 262 3558 1370 3635; baseline -0.002 -21"><span class='ocrx_word' id='word_1_326' title='bbox 262 3560 433 3635; x_wconf 88' lang='lat' dir='ltr'>primitivum</span> <span class='ocrx_word' id='word_1_327' title='bbox 445 3558 625 3628; x_wconf 86' lang='lat' dir='ltr'>vinculantur,</span> <span class='ocrx_word' id='word_1_328' title='bbox 639 3578 687 3614; x_wconf 90' lang='grc'>666</span> <span class='ocrx_word' id='word_1_329' title='bbox 703 3561 956 3617; x_wconf 77' lang='lat' dir='ltr'>determinationem</span> <span class='ocrx_word' id='word_1_330' title='bbox 972 3579 1066 3616; x_wconf 88' lang='lat' dir='ltr'>eorum</span> <span class='ocrx_word' id='word_1_331' title='bbox 1081 3561 1117 3616; x_wconf 86' lang='lat' dir='ltr'>ad</span> <span class='ocrx_word' id='word_1_332' title='bbox 1130 3561 1312 3631; x_wconf 87' lang='lat' dir='ltr'>aequilibrium</span> <span class='ocrx_word' id='word_1_333' title='bbox 1323 3559 1370 3614; x_wconf 88' lang='lat' dir='ltr'>vel</span> 
     </span>
     <span class='ocr_line' id='line_1_38' title="bbox 263 3645 1368 3718; baseline -0.004 -15"><span class='ocrx_word' id='word_1_334' title='bbox 263 3649 298 3703; x_wconf 91' lang='lat' dir='ltr'>ad</span> <span class='ocrx_word' id='word_1_335' title='bbox 317 3651 422 3702; x_wconf 91' lang='lat' dir='ltr'>motum</span> <span class='ocrx_word' id='word_1_336' title='bbox 439 3645 632 3700; x_wconf 87' lang='lat' dir='ltr'>oecillatorium</span> <span class='ocrx_word' id='word_1_337' title='bbox 653 3647 724 3702; x_wconf 86' lang='lat' dir='ltr'>circa</span> <span class='ocrx_word' id='word_1_338' title='bbox 742 3647 854 3702; x_wconf 86' lang='lat' dir='ltr'>unicum</span> <span class='ocrx_word' id='word_1_339' title='bbox 878 3652 1001 3703; x_wconf 88' lang='lat' dir='ltr'>centrum</span> <span class='ocrx_word' id='word_1_340' title='bbox 1024 3647 1096 3702; x_wconf 89' lang='lat' dir='ltr'>inter</span> <span class='ocrx_word' id='word_1_341' title='bbox 1115 3651 1243 3718; x_wconf 85' lang='lat' dir='ltr'>angustos</span> <span class='ocrx_word' id='word_1_342' title='bbox 1266 3646 1368 3700; x_wconf 84' lang='lat' dir='ltr'>limites</span> 
     </span>
     <span class='ocr_line' id='line_1_39' title="bbox 263 3734 655 3806; baseline -0.005 -16"><span class='ocrx_word' id='word_1_343' title='bbox 263 3734 423 3790; x_wconf 75' lang='lat' dir='ltr'>naturaliter</span> <span class='ocrx_word' id='word_1_344' title='bbox 433 3740 655 3806; x_wconf 86' lang='lat' dir='ltr'>perseverantem.</span> 
     </span>
    </p>

    <p class='ocr_par' dir='ltr' id='par_1_25' title="bbox 299 3820 999 3892">
     <span class='ocr_line' id='line_1_40' title="bbox 299 3820 999 3892; baseline 0.003 -18"><span class='ocrx_word' id='word_1_345' title='bbox 299 3823 366 3875; x_wconf 80' lang='lat' dir='ltr'>Itid.</span> <span class='ocrx_word' id='word_1_346' title='bbox 380 3821 424 3874; x_wconf 80' lang='lat' dir='ltr'>tia.</span> <span class='ocrx_word' id='word_1_347' title='bbox 438 3821 479 3875; x_wconf 79' lang='lat'>22.</span> <span class='ocrx_word' id='word_1_348' title='bbox 499 3820 534 3874; x_wconf 87' lang='lat' dir='ltr'>ed</span> <span class='ocrx_word' id='word_1_349' title='bbox 545 3821 645 3891; x_wconf 72' lang='lat' dir='ltr'>corripe</span> <span class='ocrx_word' id='word_1_350' title='bbox 657 3821 691 3874; x_wconf 93' lang='grc'>66</span> <span class='ocrx_word' id='word_1_351' title='bbox 703 3820 894 3892; x_wconf 84' lang='lat' dir='ltr'>aequilibrium,</span> <span class='ocrx_word' id='word_1_352' title='bbox 907 3822 999 3877; x_wconf 83' lang='lat' dir='ltr'>valed</span> 
     </span>
    </p>

    <p class='ocr_par' dir='ltr' id='par_1_26' title="bbox 263 3906 1370 4148">
     <span class='ocr_line' id='line_1_41' title="bbox 299 3906 1370 3978; baseline -0.001 -16"><span class='ocrx_word' id='word_1_353' title='bbox 299 3909 366 3962; x_wconf 81' lang='lat' dir='ltr'>Ibid.</span> <span class='ocrx_word' id='word_1_354' title='bbox 380 3909 426 3962; x_wconf 79' lang='lat' dir='ltr'>iia.</span> <span class='ocrx_word' id='word_1_355' title='bbox 439 3910 482 3962; x_wconf 81' lang='lat'>35.</span> <span class='ocrx_word' id='word_1_356' title='bbox 501 3913 533 3961; x_wconf 91' lang='lat' dir='ltr'>ut</span> <span class='ocrx_word' id='word_1_357' title='bbox 545 3925 573 3961; x_wconf 90' lang='grc'>66</span> <span class='ocrx_word' id='word_1_358' title='bbox 585 3907 769 3962; x_wconf 83' lang='lat' dir='ltr'>exercentium</span> <span class='ocrx_word' id='word_1_359' title='bbox 781 3908 878 3977; x_wconf 83' lang='lat' dir='ltr'>active,</span> <span class='ocrx_word' id='word_1_360' title='bbox 891 3909 939 3962; x_wconf 90' lang='lat' dir='ltr'>sed</span> <span class='ocrx_word' id='word_1_361' title='bbox 948 3909 1055 3978; x_wconf 74' lang='lat' dir='ltr'>&#39;corrtpa</span> <span class='ocrx_word' id='word_1_362' title='bbox 1066 3912 1099 3962; x_wconf 90' lang='lat' dir='ltr'>ut</span> <span class='ocrx_word' id='word_1_363' title='bbox 1109 3913 1174 3961; x_wconf 89' lang='lat' dir='ltr'>sunt</span> <span class='ocrx_word' id='word_1_364' title='bbox 1191 3907 1320 3962; x_wconf 87' lang='lat' dir='ltr'>transitus</span> <span class='ocrx_word' id='word_1_365' title='bbox 1336 3906 1370 3961; x_wconf 87' lang='lat' dir='ltr'>ab</span> 
     </span>
     <span class='ocr_line' id='line_1_42' title="bbox 263 3993 1370 4066; baseline 0.001 -19"><span class='ocrx_word' id='word_1_366' title='bbox 263 4000 326 4048; x_wconf 82' lang='lat' dir='ltr'>ectu</span> <span class='ocrx_word' id='word_1_367' title='bbox 337 3993 424 4066; x_wconf 88' lang='lat' dir='ltr'>primo</span> <span class='ocrx_word' id='word_1_368' title='bbox 443 3993 478 4046; x_wconf 83' lang='lat' dir='ltr'>ad</span> <span class='ocrx_word' id='word_1_369' title='bbox 489 3994 646 4064; x_wconf 90' lang='lat' dir='ltr'>seeundum,</span> <span class='ocrx_word' id='word_1_370' title='bbox 663 4011 711 4048; x_wconf 91' lang='lat' dir='ltr'>seu</span> <span class='ocrx_word' id='word_1_371' title='bbox 726 3999 758 4047; x_wconf 90' lang='lat' dir='ltr'>ut</span> <span class='ocrx_word' id='word_1_372' title='bbox 770 3994 947 4049; x_wconf 88' lang='lat' dir='ltr'>existentium</span> <span class='ocrx_word' id='word_1_373' title='bbox 964 3994 993 4048; x_wconf 93' lang='lat' dir='ltr'>in</span> <span class='ocrx_word' id='word_1_374' title='bbox 1004 3994 1074 4064; x_wconf 89' lang='lat' dir='ltr'>fieri,</span> <span class='ocrx_word' id='word_1_375' title='bbox 1087 3995 1135 4048; x_wconf 89' lang='lat' dir='ltr'>sed</span> <span class='ocrx_word' id='word_1_376' title='bbox 1146 3999 1178 4048; x_wconf 89' lang='lat' dir='ltr'>ut</span> <span class='ocrx_word' id='word_1_377' title='bbox 1189 4000 1253 4048; x_wconf 88' lang='lat' dir='ltr'>eunt</span> <span class='ocrx_word' id='word_1_378' title='bbox 1264 3994 1294 4049; x_wconf 92' lang='lat' dir='ltr'>in</span> <span class='ocrx_word' id='word_1_379' title='bbox 1306 3999 1370 4050; x_wconf 85' lang='lat' dir='ltr'>ectu</span> 
     </span>
     <span class='ocr_line' id='line_1_43' title="bbox 263 4069 485 4148; baseline -0.009 -13"><span class='ocrx_word' id='word_1_380' title='bbox 263 4069 387 4148; x_wconf 88' lang='grc'><strong>6696666,</strong></span> <span class='ocrx_word' id='word_1_381' title='bbox 401 4080 430 4134; x_wconf 90' lang='grc'>16</span> <span class='ocrx_word' id='word_1_382' title='bbox 443 4084 485 4133; x_wconf 88' lang='lat' dir='ltr'>eet</span> 
     </span>
    </p>

    <p class='ocr_par' dir='ltr' id='par_1_27' title="bbox 261 4166 1371 4414">
     <span class='ocr_line' id='line_1_44' title="bbox 298 4166 1371 4239; baseline 0.004 -20"><span class='ocrx_word' id='word_1_383' title='bbox 298 4168 363 4236; x_wconf 75' lang='lat' dir='ltr'>Pap.</span> <span class='ocrx_word' id='word_1_384' title='bbox 376 4167 434 4220; x_wconf 92' lang='grc'><strong>177.</strong></span> <span class='ocrx_word' id='word_1_385' title='bbox 446 4166 490 4219; x_wconf 79' lang='lat' dir='ltr'>tin.</span> <span class='ocrx_word' id='word_1_386' title='bbox 502 4168 526 4220; x_wconf 78' lang='lat'>2.</span> <span class='ocrx_word' id='word_1_387' title='bbox 546 4166 792 4221; x_wconf 87' lang='lat' dir='ltr'>determinantium.</span> <span class='ocrx_word' id='word_1_388' title='bbox 813 4169 904 4221; x_wconf 80' lang='lat' dir='ltr'>Adde:</span> <span class='ocrx_word' id='word_1_389' title='bbox 919 4167 1038 4224; x_wconf 83' lang='lat' dir='ltr'>Evidens</span> <span class='ocrx_word' id='word_1_390' title='bbox 1048 4174 1141 4222; x_wconf 86' lang='lat' dir='ltr'>entem</span> <span class='ocrx_word' id='word_1_391' title='bbox 1150 4171 1198 4236; x_wconf 88' lang='lat' dir='ltr'>est,</span> <span class='ocrx_word' id='word_1_392' title='bbox 1206 4185 1255 4239; x_wconf 89' lang='lat' dir='ltr'>pro</span> <span class='ocrx_word' id='word_1_393' title='bbox 1264 4169 1371 4224; x_wconf 86' lang='lat' dir='ltr'>diversa</span> 
     </span>
     <span class='ocr_line' id='line_1_45' title="bbox 263 4253 1371 4327; baseline 0.005 -21"><span class='ocrx_word' id='word_1_394' title='bbox 263 4253 435 4327; x_wconf 87' lang='lat' dir='ltr'>proportione</span> <span class='ocrx_word' id='word_1_395' title='bbox 454 4271 485 4307; x_wconf 91' lang='grc'>66</span> <span class='ocrx_word' id='word_1_396' title='bbox 502 4253 697 4324; x_wconf 88' lang='lat' dir='ltr'>compositione</span> <span class='ocrx_word' id='word_1_397' title='bbox 711 4254 908 4309; x_wconf 79' lang='lat' dir='ltr'>&#39;contrariarum</span> <span class='ocrx_word' id='word_1_398' title='bbox 924 4255 1031 4325; x_wconf 88' lang='lat' dir='ltr'>virium,</span> <span class='ocrx_word' id='word_1_399' title='bbox 1048 4273 1127 4327; x_wconf 92' lang='lat' dir='ltr'>posse</span> <span class='ocrx_word' id='word_1_400' title='bbox 1145 4255 1238 4309; x_wconf 89' lang='lat' dir='ltr'>haberi</span> <span class='ocrx_word' id='word_1_401' title='bbox 1253 4261 1371 4327; x_wconf 87' lang='lat' dir='ltr'>systema</span> 
     </span>
     <span class='ocr_line' id='line_1_46' title="bbox 261 4339 1324 4414; baseline 0.003 -18"><span class='ocrx_word' id='word_1_402' title='bbox 261 4341 305 4398; x_wconf 92' lang='lat' dir='ltr'>vel</span> <span class='ocrx_word' id='word_1_403' title='bbox 318 4340 351 4393; x_wconf 88' lang='lat' dir='ltr'>de</span> <span class='ocrx_word' id='word_1_404' title='bbox 362 4357 390 4393; x_wconf 89' lang='lat' dir='ltr'>ee</span> <span class='ocrx_word' id='word_1_405' title='bbox 402 4356 511 4393; x_wconf 82' lang='lat' dir='ltr'>servans</span> <span class='ocrx_word' id='word_1_406' title='bbox 524 4339 713 4410; x_wconf 86' lang='lat' dir='ltr'>aequilibrium,</span> <span class='ocrx_word' id='word_1_407' title='bbox 726 4340 771 4394; x_wconf 88' lang='lat' dir='ltr'>vel</span> <span class='ocrx_word' id='word_1_408' title='bbox 783 4341 816 4395; x_wconf 91' lang='lat' dir='ltr'>de</span> <span class='ocrx_word' id='word_1_409' title='bbox 830 4358 858 4396; x_wconf 90' lang='grc'>66</span> <span class='ocrx_word' id='word_1_410' title='bbox 871 4341 982 4414; x_wconf 67' lang='grc'><strong>6613666</strong></span> <span class='ocrx_word' id='word_1_411' title='bbox 995 4341 1052 4397; x_wconf 82' lang='grc'><strong>6666</strong></span> <span class='ocrx_word' id='word_1_412' title='bbox 1065 4341 1094 4396; x_wconf 90' lang='grc'>16</span> <span class='ocrx_word' id='word_1_413' title='bbox 1106 4341 1226 4413; x_wconf 87' lang='lat' dir='ltr'>quodam</span> <span class='ocrx_word' id='word_1_414' title='bbox 1237 4340 1324 4399; x_wconf 85' lang='lat' dir='ltr'>motu.</span> 
     </span>
    </p>
   </div>
   <div class='ocr_carea' id='block_1_3' title="bbox 0 0 1598 4982">
    <p class='ocr_par' dir='ltr' id='par_1_28' title="bbox 0 0 1598 4982">
     <span class='ocr_line' id='line_1_47' title="bbox 0 0 1598 4982; baseline 0 0"><span class='ocrx_word' id='word_1_415' title='bbox 0 0 1598 4982; x_wconf 95' lang='lat' dir='ltr'> </span> 
     </span>
    </p>
   </div>
  </div>
 </body>
</html>
