3240 4986
269 346 333 408 150
578 364 621 408 nn
638 364 782 408 semona
798 363 856 406 nur
874 363 910 406 ru
928 362 1057 406 nunno.
1242 337 1326 422 [car.
1343 357 1367 400 1.

268 531 344 597 dens
358 542 389 599 et
404 533 604 599 substantiam
620 556 686 598 esse
698 535 806 599 realem
819 534 1055 618 utetapbyaicom,
1067 553 1130 598 nou
1145 539 1248 595 autem
1262 529 1369 594 realem

262 645 428 726 physicam,
447 644 519 709 licet
539 644 598 710 hoc
617 644 762 709 ultimum
780 645 966 731 antiquiores
988 642 1163 729 philosophi
1184 641 1367 718 censuerint,

269 755 437 838 praesertim
447 764 572 842 propter
586 755 752 821 accidentia
766 755 975 834 eucharistica,
986 777 1054 841 quoe
1069 777 1087 819 a
1102 753 1273 818 substantia
1283 774 1368 836 sepa-

270 863 498 932 rateexistunt:
521 888 651 953 quorum
662 876 766 932 tamen
775 867 926 932 sententia
936 889 1001 930 non
1009 866 1145 930 infirmat
1153 873 1288 929 nostram
1299 886 1368 948 pro-

270 976 463 1062 positionem,
478 1000 575 1064 quum
596 978 763 1044 accidemia
784 979 849 1044 haec
864 976 1105 1063 supernaturalia
1120 977 1182 1040 sint
1197 976 1229 1040 in
1251 975 1369 1039 diverso

271 1087 378 1153 ordine
399 1089 536 1154 entitatis
551 1089 589 1154 ab
611 1088 677 1155 aliis
691 1089 907 1168 accidentibus,
922 1098 959 1154 ut
980 1111 1036 1152 suo
1050 1088 1116 1152 loco
1138 1095 1295 1151 ostensum
1313 1092 1369 1150 eat.

272 1198 378 1275 Quum
392 1199 488 1286 igitur
509 1201 695 1266 conservatio
709 1200 812 1266 divina
828 1200 1010 1265 terminetur
1023 1197 1063 1262 ad
1085 1196 1288 1263 substantiam
1303 1218 1371 1280 quae

272 1310 396 1396 physice
418 1311 530 1391 existit,
545 1321 576 1376 et
601 1335 665 1376 non
680 1311 719 1377 ad
741 1310 944 1376 substantiam
967 1305 1146 1395 specificam,
1162 1330 1230 1392 quae
1247 1315 1294 1371 est
1315 1329 1371 1370 ens

273 1420 525 1507 metaphysicum,
548 1422 735 1488 conservatio
757 1421 936 1487 substantiae
959 1420 1087 1486 involvit
1112 1419 1287 1497 accidentia,
1306 1418 1372 1482 sine
1399 1415 1407 1427 ’

273 1529 385 1614 quibus
407 1531 578 1597 substantia
597 1555 659 1598 non
674 1542 755 1598 esset
776 1555 904 1599 numero
917 1533 1000 1598 hcc:
1023 1531 1111 1597 etsie
1129 1530 1214 1596 nulla
1237 1530 1373 1616 specialis

272 1649 304 1706 et
318 1642 432 1708 directa
445 1644 648 1709 accidentium
663 1645 849 1710 conservatio
863 1644 1052 1709 admittenda
1066 1651 1120 1708 est.

316 1753 499 1840 Respondeo
533 1755 676 1834 secundo,
707 1755 933 1822 distinctionem
962 1754 1127 1820 accidentis
1155 1776 1174 1818 a
1202 1751 1374 1818 substantia

273 1866 406 1930 naturali
427 1889 493 1931 esse
522 1866 869 1953 distinetionem‘p'artis
893 1866 1107 1952 metaphysica
1134 1888 1155 1930 a
1181 1873 1248 1929 tcto
1275 1871 1371 1928 meta·

273 1976 400 2062 physico
408 2002 418 2056 3
440 1999 537 2062 quum
552 1977 673 2042 realitas
695 1979 823 2053 modalis
838 2001 900 2043 non
919 1979 1033 2043 sitnisi
1056 1977 1177 2043 realitas
1194 1975 1373 2041 substantiae

274 2096 311 2154 ut
335 2088 393 2154 hoc
417 2088 509 2154 modo
533 2089 701 2154 existentis.
747 2090 797 2156 Sic
822 2099 983 2155 curvatura
1009 2089 1099 2174 digiti
1123 2097 1170 2153 est
1195 2089 1261 2172 ipsa
1285 2087 1375 2171 digiti

273 2199 394 2264 realitas
415 2208 451 2265 ut
466 2182 599 2266 curvati:
622 2211 745 2267 curvato
759 2209 862 2266 autem
885 2201 992 2286 digito,
1008 2201 1034 2264 si
1049 2209 1242 2265 conservetur
1257 2198 1373 2283 digitus

275 2311 461 2397 simpliciter,
475 2334 540 2376 non
553 2312 622 2378 ideo
637 2311 802 2398 disparebit
817 2322 987 2377 curvatura.
1025 2311 1117 2389 Quod
1131 2319 1235 2376 autem
1250 2311 1375 2374 affertur

276 2422 313 2486 de
339 2422 500 2502 coloribus,
525 2422 663 2488 videlieet
687 2423 801 2488 colores
826 2445 889 2487 uon
915 2446 980 2488 esse
1003 2423 1084 2488 idem
1110 2445 1145 2488 ac
1171 2422 1373 2487 substantiam

274 2532 448 2613 coloratam,
467 2533 555 2598 cuius
579 2540 652 2598 sunt
675 2534 799 2614 colores,
823 2534 944 2599 admitti
967 2542 1079 2618 potest,
1098 2534 1176 2598 sicut
1201 2533 1376 2597 admittitur

275 2644 359 2728 quod
371 2667 443 2728 pars
457 2644 664 2731 metaphysica
674 2667 738 2709 non
752 2654 799 2710 est
813 2652 914 2710 totum
929 2645 1182 2731 metaphysicum,
1193 2667 1289 2729 quum
1301 2643 1373 2707 sub-

274 2757 386 2820 stantia
401 2755 533 2820 colorata
546 2755 711 2840 accipiatur
725 2765 760 2819 ut
774 2755 913 2840 quaedam
928 2757 1055 2820 materia
1069 2777 1140 2820 oum
1156 2777 1211 2819 sua
1223 2754 1331 2832 forma,
1343 2761 1375 2817 et

276 2867 358 2931 color
371 2877 407 2932 ut
422 2867 560 2951 quaedam
571 2867 669 2932 forma
684 2876 822 2932 tantum:
845 2869 898 2932 sed
914 2867 946 2932 in
961 2869 1068 2932 ordine
1082 2868 1215 2954 physicae
1224 2847 1376 2930 realitatis

276 2978 358 3044 color
373 3000 434 3043 non
451 2988 497 3042 est
512 2979 571 3042 nisi
586 2979 702 3063 aliquid
717 2979 894 3043 substantiae
908 2979 1057 3058 coloratae,
1072 2978 1162 3044 sicuti
1176 2978 1238 3042 vita
1252 2999 1314 3041 non
1329 2984 1377 3040 est

276 3089 336 3153 nisi
347 3088 463 3173 aliquid
477 3089 556 3153 entis
567 3089 711 3154 animati:
734 3098 765 3155 et
779 3089 861 3155 idem
870 3089 1035 3155 dicendum
1051 3089 1088 3154 de
1103 3089 1170 3154 aliis
1179 3088 1378 3174 qualitatibus

277 3223 448 3286 corporum,
463 3208 499 3266 ut
521 3199 694 3265 notavimus
713 3201 747 3264 in
768 3210 901 3265 tractatu
921 3201 959 3266 de
977 3201 1195 3266 accidentibus.
1242 3199 1303 3263 Sed
1319 3198 1378 3262 hoc

277 3334 399 3398 quoque
421 3311 499 3376 bene
524 3311 695 3376 notandum
720 3319 776 3391 est,
792 3312 875 3396 quod
901 3335 998 3398 quum
1023 3312 1152 3377 dicimus
1174 3310 1378 3375 substantiam

277 3423 451 3502 coloratam,
466 3421 647 3487 vocabulum
672 3424 841 3486 substantia
860 3422 1025 3490 adhibetur
1044 3445 1099 3506 pro
1119 3431 1227 3486 actura
1243 3423 1378 3485 sudeton-
1500 3457 1503 3462 ·

278 3535 344 3598 ticli
355 3542 556 3618 consurgente
571 3555 607 3596 ex
621 3549 703 3597 nexu
716 3533 918 3619 plurimarum
930 3533 1171 3598 substantiarum
1182 3531 1378 3617 simplicium.
1495 3552 1507 3573 ·-

278 3646 360 3712 Nam
375 3645 495 3712 nullum
511 3644 638 3730 simplex
649 3644 833 3710 elementum
848 3653 894 3710 est
909 3645 1088 3724 coloratum,
1103 3652 1156 3708 aut
1172 3642 1314 3721 calidum,
1325 3652 1379 3706 aut
1445 3673 1450 3682 ¹

278 3758 354 3845 quid
368 3757 483 3822 simile:
506 3765 538 3822 et
552 3757 595 3821 sic
604 3756 766 3842 qualitates
777 3757 977 3822 accidentales
991 3778 1161 3841 numquam
1176 3754 1381 3838 praedicantur

279 3873 317 3937 de
328 3871 458 3957 simplici
472 3871 633 3950 elemento,
643 3869 725 3955 quod
734 3869 854 3955 propria
863 3879 909 3934 est
921 3867 1102 3946 substantia,
1115 3865 1169 3930 sed
1177 3865 1382 3950 praedicantur

279 3986 316 4049 de
340 3983 516 4069 composito,
539 3991 571 4047 et
597 3989 669 4046 sunt
691 3981 793 4066 ipsum
815 3981 1047 4046 constitutivum
1066 3986 1185 4042 naturae
1206 3977 1381 4062 compositae

278 4096 470 4181 inadaequate
489 4093 725 4172 consideratum,
743 4103 776 4156 ut
799 4092 931 4157 vidimus
950 4092 984 4156 in
1005 4079 1098 4154 citato
1116 4097 1250 4155 tractatu
1267 4091 1311 4171 (n.
1327 4091 1380 4168 63,

279 4209 332 4286 64,
348 4209 418 4290 65):
441 4215 472 4271 et
487 4213 706 4291 consequenter
722 4227 784 4268 uon
802 4205 922 4268 realiter
937 4203 1171 4286 distinguuntur
1187 4225 1205 4266 a
1219 4211 1329 4268 natura
1344 4201 1382 4266 de

278 4341 339 4406 qua
353 4318 564 4403 praedicantur,
580 4340 675 4403 quum
698 4317 930 4380 constitutivum
944 4338 1014 4386 non¹
1031 4315 1152 4380 realiter
1174 4314 1384 4398 distinguatur
